2859 4950
233 300 290 367 uc
338 394 340 399 Ι
590 306 626 365 c.
646 296 846 365 conuenit
867 304 1005 365 utoni

228 462 316 561 pitu,
332 484 396 535 nec
413 461 553 567 sedente
569 474 647 533 ante
663 459 790 533 ostium
813 458 995 559 litigatore,
1016 486 1082 535 nec
1098 462 1187 537 iuter
1200 465 1312 539 sordes
1325 490 1357 539 ac

228 580 395 677 lacrymas
411 602 552 651 reorum
568 594 839 673 componuntur,
865 579 926 651 sed
950 578 1078 653 secedit
1093 580 1276 653 animusiu
1295 581 1359 653 loca

228 718 316 795 pura
346 710 450 790 atque
487 692 693 781 innocentia,
726 688 922 790 fruiturque
953 694 1092 768 sedibus
1124 696 1238 769 sacris.
1285 697 1359 769 Hac

228 809 434 908 eloquentiae
451 807 650 905 primordia,
667 808 743 881 haec
760 810 966 905 penetralia:
994 812 1061 884 hoc
1086 811 1243 908 primum
1258 811 1361 883 hab'itu

227 926 394 1023 cultuque
410 926 595 998 commoda
613 926 840 1016 mortalibus,¹
857 926 893 998 in
917 928 976 999 illa
991 946 1093 1016 casta,
1116 946 1151 999 et
1176 928 1278 1001 nullis
1293 950 1362 999 con·

227 1060 316 1117 tacta
331 1040 431 1131 vitiis,
447 1059 587 1138 pectora
602 1040 760 1114 influxit:
788 1042 836 1115 sic
852 1043 992 1115 oracula
1007 1043 1248 1141 loquebantur.
1282 1045 1362 1117 Nam

212 1160 375 1233 lucrosae
399 1158 515 1255 hujus,
532 1173 566 1229 et
588 1157 820 1255 sanguinantis
836 1158 1063 1255 eloquentiae²
1080 1184 1177 1247 usus,
1194 1183 1322 1247 recens,
1335 1175 1363 1229 et

227 1274 325 1349 malis
341 1272 495 1345 moribus
511 1287 623 1360 natus,
640 1288 756 1369 atque,
772 1289 812 1345 ut
833 1290 872 1345 tu
897 1273 1058 1362 dicebas,³
1076 1278 1188 1371 Aper,
1205 1274 1361 1347 inlocum

227 1391 285 1463 teli
309 1404 475 1487 repertus.
529 1388 699 1461 Cetertim
715 1386 801 1459 felix
817 1386 917 1477 illud,
933 1406 968 1461 et
988 1413 1088 1462 more
1103 1404 1225 1463 nostro
1240 1390 1363 1487 loquar,

226 1530 371 1581 aureum
396 1504 565 1592 seculum,
587 1521 622 1575 et
638 1521 816 1577 oratorum
833 1521 867 1577 et
882 1504 1066 1578 criminum
1082 1506 1195 1602 inops,
1218 1507 1324 1603 poetis
1336 1520 1364 1575 et

226 1622 359 1697 vatibus
384 1620 590 1708 abundabat,
617 1618 677 1716 qui
701 1618 881 1692 benefacta
901 1639 1075 1710 canerent,
1099 1646 1171 1693 non
1199 1613 1260 1719 qiri
1286 1619 1365 1693 mali

226 1740 372 1815 admissa
405 1734 639 1808 defenderent.
684 1726 769 1809 'Nec
802 1737 881 1810 ullis
913 1754 972 1809 aut
1003 1736 1114 1837 gloria
1146 1740 1287 1835 major,⁴
1316 1752 1364 1807 aut

225 1854 403 1953 augustior
431 1852 565 1923 honor:
604 1850 761 1947 primum
784 1856 876 1949 apud
903 1856 1013 1942 Deos,
1043 1878 1194 1950 quorum
1219 1851 1365 1950 proferre

223 1992 400 2067 responsa,
422 1984 457 2040 et
480 1964 641 2040 intelesse
661 1970 770 2065 epulis
791 1968 1010 2043 ferebantur:
1037 1969 1163 2042 deinde
1177 1969 1272 2066 apud
1295 1968 1364 2039 illos

226 2086 305 2161 Diis
330 2083 462 2183 genitos
489 2108 671 2182 sacrosque
687 2111 800 2185 reges,
826 2088 915 2160 inter
931 2112 1019 2184 quos
1042 2086 1218 2158 neminem
1235 2082 1366 2159 causidi-

227 2226 363 2291 corum,
377 2201 438 2273 sed
453 2200 595 2297 Orphea
611 2225 649 2273 ac
667 2202 809 2291 Linum,
825 2228 864 2275 ac
882 2202 910 2274 si
925 2201 1146 2298 introspicere
1162 2200 1268 2273 altius
1280 2198 1366 2283 velis,

226 2315 339 2416 ipsum
355 2314 556 2412 Apollinem
580 2316 795 2412 accepimus:
821 2319 891 2407 vel,
910 2317 939 2389 si
961 2318 1035 2389 haec
1053 2314 1209 2388 fabulosa
1223 2316 1323 2388 nimis
1338 2330 1366 2383 et

227 2432 416 2531 composita
439 2420 612 2521 videntur,
636 2432 723 2504 illud
749 2432 842 2506 certi
862 2432 947 2505 mihi
968 2432 1141 2521 concedis,
1166 2436 1279 2539 Aper,
1304 2453 1366 2504 non

226 2551 396 2624 minorem
432 2549 602 2621 honorem
643 2551 814 2638 Homero,
857 2550 963 2647 quim
1002 2547 1247 2636 Demostheni,
1284 2543 1368 2644 apud

226 2682 402 2763 posteros:
429 2687 493 2736 nec
511 2663 763 2760 angustioribus
785 2664 939 2736 terminis
961 2663 1090 2736 famam
1114 2663 1302 2760 Euripidis,
1316 2677 1368 2733 aut

227 2777 420 2876 Sophoclis,
454 2777 561 2875 quim
590 2777 716 2875 Lysiae,
746 2796 804 2850 aut
832 2779 1039 2878 Hyperidis5
1071 2777 1222 2851 includi:
1259 2779 1370 2875 plures

226 2895 330 2970 hodie
355 2894 519 2990 reperies,
546 2894 605 2991 qui
633 2895 809 2968 Ciceronis
833 2894 992 2995 gloriam,
1021 2895 1129 2993 quim
1154 2894 1214 2992 qui
1241 2891 1367 2992 Virgilii

225 3013 425 3085 detrectent.
475 3009 552 3082 Nec
570 3010 661 3111 ullus
681 3005 816 3082 Asinii⁶
840 3029 899 3083 aut
915 3012 1074 3084 Meoealae
1091 3009 1178 3082 liber
1193 3026 1267 3087 tam
1282 3011 1366 3084 illus·

225 3113 285 3200 tris
302 3111 484 3224 est,lquitm
502 3125 628 3200 Medea
645 3126 775 3216 Ovidii,
787 3144 846 3200 aut
862 3128 955 3200 Varii
970 3128 1165 3227 Thyestes⁷

271 3392 279 3419 ¹
311 3393 457 3452 Commoda
483 3395 657 3452 mortalibus.
696 3397 774 3454 nent
828 3416 929 3455 corum
952 3407 1108 3466 oratorum,
1140 3413 1263 3472 quorum
1295 3395 1365 3453 certi

229 3476 350 3548 vetitum
365 3477 495 3531 Muretus
505 3496 538 3532 nc
551 3475 691 3547 Scholius,
704 3499 775 3535 roni-
828 3497 904 3536 nunc
921 3478 1012 3546 mulw
1025 3478 1116 3534 minor
1128 3489 1171 3534 cst
1184 3477 1270 3546 suma,
1283 3476 1363 3551 quim

230 3556 358 3614 rnrntlultr
372 3556 542 3611 tnuilnlt'lnrs.
829 3559 985 3633 Euripidis,
996 3553 1047 3614 tittl
1062 3557 1228 3634 Sopitoclis3
1247 3575 1363 3633 quorum

271 3631 284 3657 ²
318 3635 358 3690 lit
382 3636 576 3711 sanguinantis
604 3637 775 3714 eloquentur.
827 3639 1028 3708 nomina,dum
1038 3638 1183 3695 literarum
1194 3639 1288 3695 studia
1298 3639 1365 3711 sigr-

231 3717 358 3772 lucrosa
385 3715 444 3773 linc
466 3727 495 3772 ct
514 3718 695 3791 sanguinaria
717 3719 776 3774 elo·
829 3722 909 3788 liunt,
923 3721 1022 3777 indiis
1035 3720 1168 3795 uiagisuc
1182 3717 1365 3795 magisincla·

230 3797 346 3871 qut·ntin
357 3794 671 3853 terniilliesstutertiltm
686 3799 774 3874 Eprio
827 3811 944 3857 rtsccnt.

202 3911 205 3918 ·
231 3875 373 3934 Marcello
389 3876 556 3952 prestiterat
566 3898 574 3946 ;
597 3889 629 3934 ut
653 3880 774 3936 vidimus
866 3873 879 3906 ⁶
912 3880 1015 3938 Asinii.
1052 3877 1143 3936 Asinii
1172 3877 1306 3936 Pollionis
1332 3893 1361 3931 ac

229 3977 316 4033 supin
332 3975 396 4032 tup.
412 3964 438 4014 8.
827 3958 943 4017 Corvini
970 3958 1118 4018 llltssalae:
1147 3980 1245 4017 corum
1270 3957 1363 4015 laudes

270 4035 280 4068 ³
305 4037 347 4094 Tr
360 4037 478 4095 dicebas.
501 4037 594 4115 Supra
607 4057 672 4114 cap.
685 4047 713 4096 5.
827 4039 890 4096 ride
902 4060 990 4118 supra
1005 4039 1108 4097 Autial.
1124 4057 1171 4098 xi.
1182 4036 1211 4098 6.
1233 4036 1363 4107 Quintili·

269 4117 358 4175 *Aut
370 4118 465 4196 glorio
477 4121 576 4196 mrtjor.
592 4119 776 4194 Forilscrip·
826 4137 907 4190 unus,
924 4121 1022 4178 lintis.
1041 4120 1124 4178 Orat.
1146 4139 1208 4178 xit.
1226 4127 1271 4178 10.
1292 4137 1363 4175 com·

231 4211 292 4258 lum
317 4198 396 4266 olim,
417 4207 466 4255 utet
486 4199 581 4272 glorio
606 4203 697 4276 titty‘or
717 4220 773 4256 um·
827 4202 942 4258 mundat
955 4201 1128 4278 diligentiam
1147 4201 1291 4269 Pollionis,
1307 4197 1362 4272 dig·

230 4299 309 4357 quant
321 4277 450 4356 contigit⁸
473 4279 547 4336 Vide
559 4289 618 4337 not.
626 4292 652 4338 ct
663 4281 773 4337 emend.
826 4281 941 4339 nitatem
954 4281 1094 4339 illestulo‘.

230 4365 264 4422 ud
278 4379 342 4435 cup.
361 4365 406 4417 12.
866 4357 878 4393 ⁷
902 4361 984 4419 Varii
1010 4361 1154 4438 Thyestes.
1182 4363 1227 4418 Dc
1247 4356 1361 4432 utrique

271 4437 280 4472 ⁵
304 4439 405 4518 lipsio,
429 4450 478 4498 art
505 4440 671 4520 Hyperidis.
693 4442 775 4504 Gre-
826 4439 1361 4520 ttflgoetliaiQuintilianusdtuliuortt.

499 4539 511 4572 i
