2859 4950
56 305 79 363 l.
94 304 125 363 C.
142 305 188 359 40.
326 295 437 356 LIBRI
458 287 615 354 octavi
631 292 876 366 ‚ANNALIUM
1128 304 1188 367 311

56 454 302 530 fortissimorum
329 450 485 527 virorum
513 448 640 523 virtute
668 444 856 537 difficilem,
891 462 926 521 et
955 450 1001 523 ob
1028 453 1193 555 barbaros
1263 532 1267 542 ,
1303 452 1306 460 ’

56 573 385 668 undiqueetupturos
397 566 549 657 fatalem,
575 562 776 662 susciperet,
797 562 947 637 inhiberi
960 567 1061 639 nullo
1081 570 1193 665 potuit

55 688 146 760 modo
158 686 240 783 quin
256 683 428 759 decimare
439 682 529 755 velle
544 684 803 778 perseveraret.¹
856 684 1005 756 Vocatos
1017 684 1131 782 itaque
1148 685 1193 757 ad

55 802 239 875 concionem
263 800 425 886 inermes,
451 814 555 893 atque
577 794 680 867 etiam
702 794 824 894 gladiis
840 794 1015 892 depositis,
1039 800 1193 897 equitatu

54 937 169 990 amiato
185 914 414 990 circumsedit.
466 916 536 988 Sed
548 914 635 987 cum
646 911 791 1001 videret,
817 911 1039 1008 suspectare,
1064 917 1193 1012 pleros·

54 1060 109 1129 que
124 1034 224 1105 dilabi
240 1035 285 1106 ad
306 1031 525 1120 resumenda,
550 1029 579 1102 si
600 1054 670 1127 qua
695 1028 747 1101 vis
769 1030 880 1117 fieret,
905 1052 1013 1119 arma,
1039 1030 1194 1131 profugit

55 1149 229 1237 concione‚²
255 1146 505 1244 confestimque
522 1149 659 1221 Urbem
682 1144 791 1243 petiit,
818 1161 857 1217 ut
879 1146 923 1218 ad
943 1145 1192 1238 crudelitatem,

55 1263 91 1335 ita
104 1267 143 1338 ad
159 1266 329 1365 ignaviam
345 1289 511 1362 praeceps.
895 1286 899 1295 ·

91 1512 146 1576 41.
171 1503 294 1572 Hnun
321 1499 429 1575 fracta
454 1499 565 1588 obice,
590 1500 651 1572 sed
677 1500 724 1571 ob
748 1521 862 1569 moras
887 1497 1038 1594 gravior,
1063 1497 1193 1569 irarum
1250 1515 1252 1526 ·

54 1616 147 1688 moles
167 1616 203 1689 in
219 1634 377 1689 senatum
402 1617 481 1689 ruit.
533 1619 579 1689 Et
592 1615 664 1713 qud
678 1614 917 1688 insolentiores
938 1613 1194 1721 preteritorum

52 1729 247 1805 dedecorum
257 1758 416 1807 rumores
426 1730 858 1819 metuebantur‚eoacrius
869 1745 1038 1801 certatum
1049 1748 1087 1801 ut
1096 1730 1193 1802 nobi-

51 1842 174 1922 lioribus
190 1850 278 1923 odiis
293 1850 550 1947 majoribusque
566 1846 799 1920 atrocitatibus
815 1848 1056 1918 obruerentur.
1108 1846 1193 1917 Inde

52 1960 139 2035 mina
155 1982 188 2037 et
204 1970 369 2063 questus³
388 1974 540 2063 “patres
556 1962 707 2036 infensos
720 1961 882 2059 Principi,
908 1964 981 2059 ejus
994 1961 1194 2035 discrimini-

54 2082 71 2112 “
91 2079 150 2151 bus
179 2080 326 2169 laetatos,
361 2105 454 2152 nunc
484 2084 558 2178 ejus
583 2079 704 2177 gloriae
733 2077 907 2151 invidere:
947 2076 1130 2173 provinciis
1158 2077 1194 2149 in

54 2197 71 2227 “
92 2196 342 2268 venerationem
359 2221 398 2269 ac
415 2195 572 2269 coelestes
595 2194 777 2292 religiones
803 2192 958 2266 certatim
974 2193 1194 2289 properanti-

54 2311 73 2343 “
92 2310 165 2400 bus,
189 2339 227 2385 se
246 2312 267 2387 a
283 2329 403 2385 senatu
420 2310 549 2384 meritis
565 2309 730 2407 triumphi
748 2306 937 2382 honoribus
960 2306 1133 2381 fraudari:
1161 2324 1195 2381 at

55 2426 71 2458 “
92 2414 225 2502 tandem
254 2429 524 2503 domesticorum
553 2426 704 2500 hostium
734 2424 900 2526 sanguine
925 2448 1023 2498 suam
1047 2420 1195 2523 gloriam

54 2544 73 2576 ·'‘
94 2566 235 2643 remque
252 2545 426 2642 publicam
443 2545 638 2618 ulturum.''

91 2786 145 2859 422
170 2779 273 2852 Hac
293 2776 420 2852 Romae
436 2794 530 2850 tanto
546 2776 679 2850 tristiits
701 2793 854 2874 accepta,
880 2775 979 2874 qubd
1003 2774 1076 2874 ipse
1089 2775 1213 2874 paulo.

52 2889 119 2962 ante
148 2893 345 2991 “nequid
374 2895 418 2966 de
447 2895 517 2968 suis
547 2894 737 2966 honoribus
765 2894 959 2992 ageretur,”
995 2892 1097 2966 etiam
1130 2895 1196 2965 sub

51 3006 156 3080 mortis
193 3008 300 3108 poend
335 3009 596 3082 denuntiasset4
646 3008 743 3106 Quid
773 3005 926 3082 facerent
956 3007 1196 3082 omittereutve

53 3121 201 3221 ambigui,
246 3151 411 3199 censuere
441 3125 639 3224 Principem
674 3124 759 3199 adiri
792 3123 814 3198 a
843 3124 963 3224 legatis
999 3123 1197 3221 amplissimi

52 3237 178 3330 ordinis,
218 3242 279 3338 qui
317 3250 400 3314 “ut
440 3244 653 3317 maturaret”
692 3259 841 3314 orarent.
893 3241 937 3313 lis
973 3239 1199 3312 inclementer

53 3357 204 3451 exceptis,
253 3365 278 3398 “
312 3358 487 3447 veniam‚”
537 3359 645 3457 quam
686 3356 839 3431 maximi
880 3381 966 3430 voce
990 3355 1197 3462 respondit,

55 3471 238 3560 '‘veniam‚
263 3472 375 3545 ethic
401 3498 540 3547 mecum
553 3476 615 3546 :”⁵
640 3474 804 3570 capulum
828 3471 946 3572 gladii,
972 3497 1043 3570 quo
1066 3472 1199 3545 cinctus
1288 3442 1309 3512 ‘⁴
1378 3491 1390 3502 ·

51 3601 125 3670 erat,
149 3589 275 3660 crebro
298 3591 494 3664 verberans.
545 3592 639 3664 Exin
655 3608 825 3663 terrorem
850 3587 1075 3686 popularitate
1091 3588 1200 3660 inten-

51 3698 138 3790 dens,
162 3703 270 3776 edixit
287 3711 312 3746 “
324 3708 450 3780 reverti
467 3733 517 3797 se,
543 3709 604 3781 sed
621 3707 660 3780 iis
672 3707 817 3780 tanttlm
825 3705 885 3804 qui
898 3720 1068 3803 optarent,
1079 3729 1200 3801 eques·

53 3818 133 3889 “tri
155 3820 267 3891 ordini
290 3839 323 3893 et
338 3823 492 3920 populo:
520 3849 651 3898 namse
663 3848 779 3922 neque
796 3821 920 3912 civem,
946 3844 1060 3921 neque
1072 3819 1196 3919 princi·
1263 3851 1264 3854 ¹

54 3934 73 3967 ‘⁶
94 3959 171 4029 pem
188 3937 320 4010 senatui
331 3940 482 4036 amplids
498 3937 596 4016 fore:
622 3958 739 4016 vetare
751 3937 855 4014 etiam
870 3937 1004 4036 nequis
1020 3935 1197 4010 senatoriae

82 4129 90 4155 ¹
107 4134 314 4196 Perseverat-et.
335 4139 454 4198 Sueton.
470 4141 499 4197 in
512 4141 595 4214 Caio,
648 4161 770 4202 xnvnr.

50 4227 158 4273 fflffl·
685 4222 701 4255 ⁴
721 4223 778 4282 Sub
792 4223 890 4280 mortis
909 4220 990 4296 poend
1007 4217 1206 4277 denotatidsset.

80 4288 237 4377 1Ρνρίιιςιί
246 4301 383 4359 concione.
398 4301 594 4360 Suetonlbid.
649 4303 768 4362 Sueton.
782 4303 839 4361 loc.
852 4303 903 4360 cit.

81 4367 188 4436 'Minue
211 4389 238 4437 et
260 4389 381 4458 questus.
425 4385 470 4440 De
491 4383 597 4460 quibus
689 4381 763 4442 'Et
798 4384 842 4442 lic
874 4401 986 4439 mecum.
1028 4381 1145 4436 Sueten.
1179 4379 1207 4434 in

48 4448 109 4524 uto,
130 4475 198 4518 ux.
211 4481 239 4539 p.
254 4459 324 4522 660.
340 4463 457 4521 Sueton.
472 4465 502 4523 in
515 4463 598 4536 Caio,
649 4465 732 4538 Caio,
754 4482 847 4523 xc1x.
