2859 4950
328 1206 923 1318 snuvrlnrou
992 1139 996 1148 ’
1120 1143 1123 1150 ’

405 1511 852 1632 sorrtrnrnrr

294 1898 435 1954 LIBRI
469 1897 646 1961 QUINTI
678 1897 962 1954 ANNALIUM.

102 2324 136 2396 1.
160 2310 326 2400 ‘Jonrn
344 2311 576 2394 Aooosrn
598 2311 784 2392 moritur.
817 2319 857 2394 2.
886 2310 954 2394 Ex
975 2339 1027 2395 eo
1046 2316 1212 2448 gravior

55 2455 195 2545 'liberii
258 2458 514 2553 dominati03
575 2456 775 2540 audacior
824 2457 964 2571 Sejani
1022 2463 1208 2549 ambitio.

60 2606 284 2721 Agrippina
316 2617 360 2691 et
379 2602 497 2688 Nero
530 2618 796 2689 accusantur.
851 2604 894 2689 6.
925 2605 1210 2719 Inauspicatae

60 2747 175 2834 Drusi
194 2765 243 2836 et
262 2750 443 2835 AEmiliae
467 2748 643 2862 Lepidae
664 2752 838 2861 nuptiae.
895 2764 934 2849 7.
965 2754 1210 2839 Accusatio·

61 2922 145 2978 num
180 2898 361 2982 facilitas
395 2898 518 2980 simul
550 2908 595 2980 et
627 2898 836 2981 atrocitas.
896 2906 936 2983 8.
967 2898 1086 2985 Mors
1107 2900 1211 2990 Jesu

61 3038 198 3127 Christi
237 3054 285 3127 et
320 3042 522 3155 prodigia.
584 3050 649 3125 10.
680 3042 916 3154 Agrippina
954 3045 996 3129 in
1033 3046 1210 3133 insulam

63 3181 363 3287 Pandatariam,
400 3184 519 3270 Nero
551 3188 595 3269 in
626 3186 823 3270 Pontiam
852 3188 1081 3301 deportati.
1145 3201 1209 3278 13.
1248 3214 1252 3222 '

66 3326 210 3419 Drusus
232 3336 278 3419 in
295 3335 382 3435 ima
414 3332 561 3445 palatii
580 3343 699 3444 parte
719 3333 939 3417 clauditur.
1003 3341 1067 3420 15.
1100 3335 1212 3448 Seja-
1244 3348 1252 3373 “

67 3503 140 3577 nus,
154 3500 349 3565 successu
367 3456 567 3563 scelerum
583 3480 798 3590 superbus
811 3480 1043 3563 insolescit:
1065 3482 1213 3567 adrer-

68 3621 237 3711 sussum
254 3626 407 3723 Tiberii
426 3637 548 3709 artes.
598 3622 668 3709 Ob
686 3627 772 3737 ejus
792 3626 1020 3710 amicitiam
1040 3624 1210 3711 Asinius

70 3762 198 3854 Gallus
260 3772 529 3885 pervertitur.
597 3778 666 3855 23.
726 3770 906 3856 Velleius
968 3772 1210 3859 Paterculus
1278 3848 1284 3859 .

71 3914 226 4026 sciptor
274 3929 319 4000 et
359 3898 569 4000 adulator.
643 3924 712 4001 24.
763 3914 937 4029 Sejanus
984 3916 1210 4005 honoribus

73 4073 271 4147 mactatur.
329 4062 415 4148 26..
435 4062 658 4147 Geminius
678 4063 813 4146 Rufus
834 4075 877 4145 et
897 4061 1048 4145 Publia
1068 4063 1213 4150 Prisca

72 4194 228 4293 mortem
247 4210 523 4292 voluntariam
543 4218 765 4319 oppetunt.
808 4216 877 4302 27.
901 4204 1016 4291 Urbs
1036 4210 1079 4289 in
1100 4208 1212 4323 Seja-

75 4346 109 4426 ni
125 4356 421 4439 venerationem
453 4355 641 4438 intenta:
668 4353 857 4439 Tiberius
878 4354 963 4466 ejus
983 4354 1026 4435 in
1046 4354 1211 4440 ruinam

79 4484 260 4587 intentior.
316 4510 386 4588 30.
418 4496 545 4585 Caius
592 4499 754 4611 imperii
801 4499 917 4584 heres
966 4510 1213 4586 ostentatur.
