2859 4950
173 742 265 829 cu.
294 740 461 833 Jutrr
493 738 819 830 Aonrconm
848 696 1018 851 urm:

451 999 742 1067 SClllP'l'OllE

207 1229 977 1338 C.00RN.TA01T0.

303 1585 899 1630 W

90 1868 115 1928 1.
142 1834 401 1937 Cianorum
416 1854 570 1932 virorum
582 1858 671 1934 facta
684 1882 868 1958 moresque
880 1859 1024 1957 posteris
1035 1857 1171 1933 tradere

47 1972 206 2069 antiquitus
221 1976 400 2063 usitatum,
423 1998 468 2047 ne
484 1976 608 2047 nostris
635 1976 777 2073 quidem
802 1977 1027 2073 temporibus,
1052 2001 1173 2073 quam·

49 2111 131 2181 quarn
152 2090 323 2167 incuriosa
337 2114 482 2163 suorum
479 2104 579 2191 ,aetas
596 2090 722 2179 onrisit,
738 2088 1037 2190 quotiens'magna
1059 2092 1174 2190 aliqua

49 2224 77 2273 ac
90 2207 199 2281 nobilis
214 2208 327 2279 virtus
341 2205 422 2279 vicit
441 2228 480 2277 ac
497 2230 718 2303 supergressa
732 2224 783 2278 est
798 2206 932 2295 vitium,
949 2207 1062 2304 parvis
1078 2233 1174 2307 mag·

49 2318 143 2415 nisque
157 2322 350 2395 civitatibus
366 2346 565 2409 commune,
581 2320 810 2420 ignorantiam
834 2322 919 2395 recti
940 2340 974 2394 et
998 2322 1172 2396 invidiam.
1282 2343 1288 2352 ’

50 2432 98 2506 Sed
126 2438 214 2534 apud
257 2438 400 2534 prioreS,
433 2453 472 2510 ut
503 2461 606 2536 agere
639 2453 834 2509 memoratu
867 2437 970 2535 digna
1007 2462 1173 2536 pronum,

53 2551 198 2650 mgisque
213 2555 254 2626 in
269 2570 387 2650 aperto
404 2570 476 2624 erat
484 2583 498 2655 ¹;
534 2554 580 2626 ita
597 2553 842 2626 celeberrimus
860 2554 1005 2652 quisque
1020 2553 1174 2652 ingenio,

50 2663 297 2762 adprodendam
309 2669 442 2741 virtutis
455 2670 670 2758 memoriam,
688 2670 761 2742 sine
776 2669 886 2768 gratii
902 2688 961 2743 aut
977 2669 1175 2758 ambitione,

49 2775 126 2856 bonae
147 2789 287 2859 tanturn
311 2785 526 2858 conscientiae
542 2788 665 2883 pretio,
688 2787 890 2860 duoebatur.
940 2789 997 2858 Ac
1019 2784 1175 2882 plerique

48 2917 123 2968 suam
148 2901 210 2998 ipsi
235 2902 341 2974 vitam
367 2925 518 2993 narrare,
547 2903 711 2976 fiduciam
737 2902 855 2999 potiris
884 2927 1036 2989 morum,
1066 2897 1174 2997 quim

49 3017 255 3112 irrogandam
271 3017 422 3094 arbitrati
439 3036 535 3091 sunt:
563 3043 627 3094 nec
644 3019 679 3091 id
699 3018 853 3090 Rutilio³
871 3033 905 3090 et
922 3011 1077 3090 Scauro⁴
1092 3016 1176 3089 citra
1241 3062 1244 3080 2
1285 3081 1288 3089 .

77 3259 176 3325 'Vita
213 3267 469 3327 lnhtich.Julii
490 3271 573 3348 Agri·
627 3270 774 3328 consulem
796 3269 834 3324 Α.
848 3267 886 3324 U.
900 3267 935 3324 C.
950 3261 1019 3331 649.
1044 3263 1175 3321 vellum

48 3338 101 3396 eotae
112 3348 166 3404 viti
177 3349 421 3407 absolutissimum
436 3351 571 3408 habemus
627 3350 805 3418 paterculus,
820 3365 857 3403 rr.
874 3353 920 3404 13.
938 3342 1065 3420 appellat
1082 3343 1175 3400 virum

49 3417 135 3480 irrora
171 3429 362 3507 perfectaeque
399 3430 571 3488 laudationis
629 3451 683 3488 rrou
695 3430 782 3488 seculi
800 3428 853 3496 arii,
873 3427 922 3484 aed
934 3423 1019 3480 oannis
1032 3424 1083 3480 oeoi
1105 3424 1185 3500 opti-¹

48 3505 178 3580 exemplar.
212 3509 259 3566 Ad
274 3509 346 3566 illud
361 3521 470 3586 quanto
482 3512 571 3588 magis
628 3531 708 3570 mum.
752 3511 783 3567 ln
796 3507 904 3564 Tiberii
918 3503 1045 3562 Gracchi
1066 3506 1175 3562 amicos

48 3589 184 3656 retruserit,
199 3590 378 3666 quicumque
390 3591 418 3646 id
432 3592 570 3650 scribendi
628 3592 735 3659 aaeviit3
755 3589 803 3647 scd
818 3584 915 3664 postet
926 3584 955 3642 ia
968 3585 1003 3641 iia
1023 3584 1099 3659 iptio,
1117 3605 1178 3660 qm

50 3675 117 3728 purus
127 3669 257 3746 suscipit,
271 3681 349 3728 tanto
360 3672 506 3747 probatior
519 3674 572 3729 erit
626 3691 680 3747 pro
712 3680 811 3730 senatu
843 3667 1017 3734 moliebatur,
1051 3674 1178 3722 amatum

49 3749 68 3792 et
79 3741 219 3806 illustrior:
244 3769 302 3826 quo
318 3752 403 3824 mauis
424 3765 518 3810 autem
535 3755 571 3810 ab
629 3750 727 3808 habuit
741 3747 951 3808 adversarium:
974 3755 1002 3802 et
1024 3745 1085 3820 lege
1099 3763 1177 3820 repe·

49 3835 73 3872 to
84 3830 226 3902 retruserit,
249 3832 470 3907 tantopluribus
487 3836 573 3890 obru-
629 3824 1177 3903 turtrlorrtmintermgutus‚marimocum

51 3913 99 3970 etur
112 3908 189 3965 titiis.
625 3912 733 3986 gemitu
742 3910 867 3968 civitatis
875 3911 1026 3965 damnatus
1036 3915 1086 3963 est.
1101 3905 1180 3964 vido

79 3977 89 4004 ²
108 3983 261 4046 Clarorum.
282 3987 363 4046 Ordo
375 3999 428 4047 est:
447 3995 465 4022 ·'‘
484 3991 573 4062 AEtas,
629 3991 760 4046 eumdem
775 3990 929 4057 Velleium,
943 4005 1008 4062 cap.
1021 3991 1050 4050 7.

52 4061 64 4086 “
76 4081 238 4144 quamquam
270 4069 414 4126 incuriosa
449 4089 577 4142 suorum,
669 4067 745 4125 ⁴Et
758 4067 875 4125 Scauro.
897 4068 941 4124 M.
956 4065 1073 4123 AErnilio
1087 4065 1178 4123 Scau·

49 4143 63 4166 ‘¹
74 4145 156 4203 omisit
175 4167 211 4206 uo
224 4151 322 4206 nostris
336 4151 450 4224 quidem
470 4163 578 4226 tempo·
629 4169 670 4216 ro,
685 4147 796 4207 consuli
811 4153 849 4204 Α.
860 4148 941 4206 U.C.
952 4141 1024 4214 639.
1037 4143 1180 4222 Sapientia

51 4221 142 4282 “ribus
167 4229 303 4285 usitatum
326 4230 493 4306 antiquitus,
522 4241 578 4288 tra·
631 4229 748 4286 hortinis
760 4234 788 4283 et
803 4228 875 4286 recti
885 4228 1015 4303 grauitas
1027 4233 1180 4292 eorummet

52 4299 64 4326 “
76 4301 131 4360 dere
144 4308 258 4382 postoris
269 4310 345 4366 lacta
359 4329 505 4387 moresque
517 4311 578 4368 cla·
631 4309 771 4368 naturalis
795 4304 918 4382 quoetlim
944 4300 1035 4367 inerat
1057 4306 1180 4366 auctori-

52 4381 64 4406 “
80 4399 166 4444 rorum
182 4388 315 4458 virorum,
325 4391 466 4465 quotiens,
481 4390 560 4448 &c.''
632 4397 686 4458 tua,
707 4401 777 4445 teste
798 4387 936 4444 Cicerone
949 4387 985 4442 do
1003 4386 1095 4442 Clario
1107 4385 1187 4444 Ora·'

81 4453 92 4534 f
110 4463 225 4526 Rutilio.
247 4469 281 4536 Ρ.
297 4469 441 4536 Rutilium
456 4472 579 4573 llulurp,
632 4470 756 4538 toribus,
774 4487 840 4544 cap.
856 4473 904 4536 29.
927 4467 1027 4544 Hujus
1047 4474 1075 4522 et
1096 4467 1186 4529 orati·
1208 4469 1211 4475 '
