2859 4950
324 292 535 358 nrrtooos
558 295 614 356 nn
635 292 908 396 ostronmos.
1137 306 1198 371 207

101 463 154 526 41.
179 452 241 526 Sre
270 479 422 552 quoque,
449 454 545 552 quod
571 471 727 552 superest
743 465 790 528 e'x
804 454 960 556 antiquis
976 456 1196 546 oratoribus:

61 565 173 657 lorum,
196 594 267 642 non
292 571 496 662 emendatae,
522 595 586 646 nec
615 597 764 670 usquam
778 576 824 646 ad
839 592 962 646 votum
983 573 1197 669 compositae,

61 684 182 758 civitatis
197 703 439 786 argumentum
457 705 518 758 est.
572 687 662 783 Quis
679 688 772 760 enim
787 713 852 761 nos
868 691 1026 778 advocat,
1051 689 1115 762 nisi
1137 708 1196 760 aut

60 825 181 891 uocem,
205 819 263 874 aut
285 801 412 875 miser?
438 802 534 898 quod
551 801 778 899 municipium
794 804 831 876 in
847 804 1019 878 civitatem
1041 820 1196 878 nostram

58 919 146 1008 seuit,
168 917 230 994 nisi
248 917 343 1015 quod
358 933 418 992 aut
433 916 745 1016 vicinuspopulus,
770 937 829 990 aut
857 919 1044 994 domestica
1068 921 1198 994 discor·

58 1034 101 1108 dia
115 1033 234 1134 agitat?
261 1059 367 1132 quam
392 1032 604 1130 provinciam
630 1051 784 1123 tuemur,
810 1035 874 1108 nisi
898 1036 1076 1132 spoliatam
1092 1024 1197 1109 vexa-

57 1151 201 1248 tamque?
251 1150 362 1247 Atqui
386 1150 510 1226 melius
530 1147 648 1224 fsusset
665 1175 736 1224 non
754 1152 866 1248 queri,
891 1151 998 1249 quam
1018 1152 1196 1226 vindicari:

57 1268 149 1362 Quod
166 1266 192 1340 si
209 1265 421 1340 irrveniretur
446 1264 561 1364 aliqua
587 1265 715 1355 civitas,
741 1267 778 1338 in
800 1267 871 1365 qud
892 1291 997 1340 nemo
1023 1287 1194 1364 peccaret,

55 1409 268 1480 supervacuus
294 1401 382 1459 esset
398 1378 488 1456 inter
505 1383 704 1456 innocentes
730 1401 861 1472 orator,
885 1384 973 1457 sicut
987 1383 1077 1456 inter
1093 1409 1194 1457 sanos

55 1503 198 1575 mediam.
253 1501 447 1598 Quomodb
471 1517 587 1570 tamen
617 1498 800 1571 minimum
829 1501 915 1572 usas
941 1501 1194 1597 nummumque

55 1616 212 1710 profectris
229 1643 285 1690 ars
302 1617 470 1698 medentis
497 1617 599 1688 habet
616 1615 651 1689 in
667 1615 721 1690 his
737 1617 911 1714 gentibus,
937 1643 1017 1713 quae
1043 1616 1194 1688 firmississ

55 1733 97 1805 ni
108 1734 299 1806 valetudine
312 1758 351 1806 ac
364 1733 596 1806 saluberrimis
612 1734 817 1830 corpon'bus
825 1751 999 1805 utuntur:
1018 1731 1065 1804 sic
1079 1730 1194 1804 minor

54 1867 209 1922 oratorum
237 1849 488 1946 obscuriorque
514 1849 690 1948 gloriaest
707 1849 796 1922 inter
817 1853 928 1922 bonos
950 1866 1079 1936 mores,
1103 1847 1195 1922 etin

54 1967 239 2064 obsequium
256 1966 407 2064 regentis
422 1983 568 2062 paratos.
622 1965 719 2061 Quid
739 1967 831 2038 enim
848 1992 939 2063 opus
952 1983 1003 2038 est
1019 1962 1133 2063 longis
1158 1961 1195 2034 in

55 2101 153 2154 senatu
190 2082 380 2171 sententiis
422 2084 508 2155 cium
545 2083 664 2179 optimi
702 2081 772 2156 citi)
809 2081 1044 2155 consentiant?
1096 2077 1208 2175 Quid,

53 2199 150 2271 multis
176 2202 272 2298 apud
294 2199 465 2296 populum
491 2197 728 2286 concionibus,
753 2198 840 2272 ciam
857 2197 902 2269 de
919 2194 1096 2294 republica
1121 2219 1195 2270 non

53 2312 179 2412 imperiti
201 2335 236 2390 et
264 2317 364 2389 multi
391 2315 592 2405 deliberent,
617 2317 678 2388 sed
700 2313 966 2416 sapientissimus
992 2327 1027 2385 et
1052 2309 1195 2385 nansi*
1310 2320 1314 2337 ’

53 2432 132 2525 Quid
148 2433 349 2507 voluntariis
365 2427 650 2521 accusationibus,
663 2430 749 2504 crim
767 2448 838 2501 tam
855 2428 937 2503 raro
954 2444 989 2501 et
1000 2443 1072 2499 tam
1088 2423 1193 2523 parce

52 2551 219 2641 peccetur?
276 2549 371 2645 Quid
398 2547 570 2621 invidiosis
587 2564 622 2621 et
637 2547 885 2620 excedentibus
906 2546 1052 2617 modum
1075 2539 1194 2614 defen·

52 2662 196 2757 sionibus,
215 2666 304 2740 calm
320 2664 500 2742 clementia
516 2662 756 2763 cognoscentis
772 2663 910 2735 obviam
926 2656 1197 2758 periclitantrbus

51 2780 116 2853 eat?
164 2782 321 2871 Credite,
345 2780 479 2878 optimi,
505 2794 552 2869 et,
576 2779 800 2879 inquantum
822 2799 911 2875 opus
929 2792 994 2865 est,
1019 2773 1195 2847 diserdssi·

52 2896 88 2965 ni
102 2898 174 2987 viri,
198 2898 227 2972 si
246 2914 305 2971 aut
321 2922 383 2969 vos
400 2895 572 2993 prioribus
588 2897 727 2985 seculis,
743 2911 803 2967 aut
817 2892 884 2983 isti,
910 2916 997 2992 quos
1014 2890 1195 2984 miramur,

51 3010 91 3085 his
105 3015 170 3087 nati
187 3032 315 3101 essent,
332 3038 371 3087 ac
389 3014 488 3085 Deus
504 3011 626 3109 aliquis
641 3011 727 3083 vitas
742 3025 884 3097 vestras,
908 3024 1021 3081 vestra
1037 3024 1195 3103 tempora

52 3130 175 3223 repente
203 3129 371 3203 mutasset
384 3148 402 3222 3·
422 3154 486 3201 nec
515 3128 612 3201 vobis
638 3150 776 3199 summa
800 3126 858 3197 illa
880 3124 955 3197 laus
971 3140 1006 3196 et
1021 3122 1133 3220 glon'a
1156 3121 1199 3232 in

53 3244 247 3344 eloquentiis,
272 3272 385 3344 neque
402 3246 467 3319 illis
484 3248 611 3321 modus
627 3262 661 3317 et
677 3258 991 3361 temperamentum
1017 3234 1194 3311 defuisset.

53 3358 143 3437 Nunc
157 3362 320 3462 quoniam
331 3386 435 3439 nemo
449 3362 573 3435 eodem
585 3380 743 3469 tempore
755 3356 896 3455 adsequi
906 3370 1019 3453 potest
1031 3357 1194 3453 magnam
1224 3354 1228 3360 ’

85 3634 187 3703 'Quod
199 3646 327 3715 superest
341 3658 374 3696 ea
388 3639 511 3715 antiquis
524 3658 588 3697 ora·
643 3632 953 3697 FELlCl'l'A'l’lS.
1008 3632 1079 3689 ludo
1124 3630 1192 3687 cdm

54 3718 154 3779 toritas.
194 3722 300 3777 Forum
315 3721 419 3795 ipsum,
441 3720 519 3795 quod
541 3740 589 3778 su·
642 3718 764 3786 Plinius,
785 3732 823 3773 11.
836 3721 866 3781 7.
878 3712 1101 3773 innumerabilis
1117 3712 1195 3767 Deo-

56 3812 176 3869 perestex
189 3800 316 3875 antiquis
341 3800 512 3869 oratoribus,
531 3820 587 3859 non
641 3818 705 3856 rum
727 3796 874 3873 agminab
892 3795 1063 3855 mortalibus
1083 3806 1194 3869 reperta

55 3891 87 3935 cst
104 3894 296 3957 argumentum
320 3882 476 3939 emendatae
499 3894 528 3939 et
550 3883 586 3939 ad
642 3880 835 3949 memorasset,
848 3873 946 3935 addit:
970 3876 1049 3935 Deus
1062 3883 1105 3931 est
1118 3891 1193 3929 mor-

56 3970 138 4017 rotum
151 3960 314 4039 compositae
335 3961 469 4021 civitatis.
512 3962 586 4024 Vide
638 3960 692 4019 tati
704 3962 816 4038 juvare
839 3958 994 4027 mortalem,
1022 3965 1050 4011 rt
1071 3954 1129 4012 lae
1152 3952 1191 4010 ad

57 4044 261 4101 rotdomum.
275 4043 312 4099 sd
327 4060 392 4119 cap.
406 4049 457 4101 st.
638 4050 770 4100 aternam
781 4040 903 4118 gloriam
916 4038 973 4096 oia.
1014 4034 1083 4094 Hac
1094 4054 1194 4110 proces

86 4116 98 4143 ²
114 4120 333 4199 &pientissimus
346 4132 373 4181 et
388 4142 470 4181 anas.
492 4146 494 4151 ¹
510 4121 587 4179 Laus
639 4142 682 4179 res
705 4124 763 4181 iere
778 4120 914 4179 Romani:
937 4115 991 4175 ldc
1002 4136 1074 4173 nanc
1089 4114 1192 4182 celesti
1238 4190 1243 4199 .

56 4211 89 4255 est
100 4200 267 4280 Vespasiani,
287 4203 338 4281 qui
353 4203 381 4260 in
395 4203 519 4262 nummis
537 4222 588 4280 ap·
636 4223 788 4278 passscum
798 4199 957 4261 liberissais
968 4198 1047 4255 vadit
1058 4198 1191 4253 marianus

58 4280 428 4355 pellatur,ADSERTOR
439 4284 588 4343 LlBllll·
639 4284 726 4345 oneris
750 4283 801 4342 aui
824 4290 919 4339 rector
935 4277 1120 4354 Vespasianus
1132 4278 1192 4334 Au·

57 4358 173 4422 ‘lll'lS
187 4366 317 4424 PVBLI
327 4366 427 4425 CAE.
469 4364 587 4423 FELl-
635 4363 833 4442 gastusfcssis
846 4363 927 4420 rebus
939 4358 1111 4420 subveniens.

59 4440 174 4507 tl'tns
200 4446 408 4505 Pt’tttnca.
452 4446 584 4505 FlDliS
