<?xml version="1.0" encoding="UTF-8"?>
<!DOCTYPE html PUBLIC "-//W3C//DTD XHTML 1.0 Transitional//EN"
    "http://www.w3.org/TR/xhtml1/DTD/xhtml1-transitional.dtd">
<html xmlns="http://www.w3.org/1999/xhtml" xml:lang="en" lang="en">
 <head>
  <title>
</title>
<meta http-equiv="Content-Type" content="text/html;charset=utf-8" />
  <meta name='ocr-system' content='tesseract 3.04.00' />
  <meta name='ocr-capabilities' content='ocr_page ocr_carea ocr_par ocr_line ocrx_word'/>
</head>
<body>
  <div class='ocr_page' id='page_1' title='image "./ccorntacitioper01valpgoog_0187.png"; bbox 0 0 2859 4950; ppageno 0'>
   <div class='ocr_carea' id='block_1_1' title="bbox 324 248 1180 323">
    <p class='ocr_par' dir='ltr' id='par_1_1' title="bbox 324 248 1180 323">
     <span class='ocr_line' id='line_1_1' title="bbox 324 248 1180 323; baseline 0.005 -12"><span class='ocrx_word' id='word_1_1' title='bbox 324 248 532 311; x_wconf 82' lang='lat' dir='ltr'>DIALOGUS</span> <span class='ocrx_word' id='word_1_2' title='bbox 555 248 611 309; x_wconf 87' lang='lat' dir='ltr'><strong>DE</strong></span> <span class='ocrx_word' id='word_1_3' title='bbox 633 249 907 312; x_wconf 80' lang='lat' dir='ltr'><strong>ORATORIBUS.</strong></span> <span class='ocrx_word' id='word_1_4' title='bbox 1123 262 1180 323; x_wconf 76' lang='lat'><strong>175</strong></span> 
     </span>
    </p>
   </div>
   <div class='ocr_carea' id='block_1_2' title="bbox 50 393 1207 854">
    <p class='ocr_par' dir='ltr' id='par_1_2' title="bbox 50 393 1207 854">
     <span class='ocr_line' id='line_1_2' title="bbox 51 393 1207 499; baseline 0.003 -20"><span class='ocrx_word' id='word_1_5' title='bbox 51 404 168 479; x_wconf 81' lang='lat' dir='ltr'><strong>cultum</strong></span> <span class='ocrx_word' id='word_1_6' title='bbox 191 406 379 481; x_wconf 78' lang='lat' dir='ltr'><strong>verborum</strong></span> <span class='ocrx_word' id='word_1_7' title='bbox 401 403 569 499; x_wconf 67' lang='lat' dir='ltr'><strong>noscetis,</strong></span> <span class='ocrx_word' id='word_1_8' title='bbox 595 393 781 481; x_wconf 69' lang='lat' dir='ltr'><strong>coelectis</strong></span> <span class='ocrx_word' id='word_1_9' title='bbox 801 405 1014 497; x_wconf 84' lang='lat' dir='ltr'><strong>ittventionis,</strong></span> <span class='ocrx_word' id='word_1_10' title='bbox 1038 407 1068 483; x_wconf 88' lang='lat' dir='ltr'><strong>is</strong></span> <span class='ocrx_word' id='word_1_11' title='bbox 1091 412 1181 497; x_wconf 86' lang='lat' dir='ltr'><strong>ordo</strong></span> <span class='ocrx_word' id='word_1_12' title='bbox 1201 462 1207 474; x_wconf 77' lang='lat'><em>-</em></span> 
     </span>
     <span class='ocr_line' id='line_1_3' title="bbox 52 522 1181 622; baseline 0.004 -28"><span class='ocrx_word' id='word_1_13' title='bbox 52 548 165 610; x_wconf 85' lang='lat' dir='ltr'><strong>rerum,</strong></span> <span class='ocrx_word' id='word_1_14' title='bbox 180 538 215 597; x_wconf 87' lang='lat' dir='ltr'><strong>et</strong></span> <span class='ocrx_word' id='word_1_15' title='bbox 232 522 389 620; x_wconf 88' lang='lat' dir='ltr'><strong>quotiens</strong></span> <span class='ocrx_word' id='word_1_16' title='bbox 404 548 505 597; x_wconf 84' lang='lat' dir='ltr'><strong>causa</strong></span> <span class='ocrx_word' id='word_1_17' title='bbox 521 523 643 619; x_wconf 89' lang='lat' dir='ltr'><strong>poscit,</strong></span> <span class='ocrx_word' id='word_1_18' title='bbox 665 526 825 613; x_wconf 71' lang='lat' dir='ltr'><strong>ubertas,</strong></span> <span class='ocrx_word' id='word_1_19' title='bbox 852 548 906 612; x_wconf 82' lang='lat' dir='ltr'><strong>ea,</strong></span> <span class='ocrx_word' id='word_1_20' title='bbox 923 524 1082 621; x_wconf 85' lang='lat' dir='ltr'><strong>quotiens·</strong></span> <span class='ocrx_word' id='word_1_21' title='bbox 1104 541 1181 622; x_wconf 40' lang='lat' dir='ltr'><strong>pera</strong></span> 
     </span>
     <span class='ocr_line' id='line_1_4' title="bbox 51 637 1180 735; baseline 0.006 -26"><span class='ocrx_word' id='word_1_22' title='bbox 51 637 189 727; x_wconf 83' lang='lat' dir='ltr'><strong>mittitur,</strong></span> <span class='ocrx_word' id='word_1_23' title='bbox 209 639 369 727; x_wconf 84' lang='lat' dir='ltr'><strong>brevitas,</strong></span> <span class='ocrx_word' id='word_1_24' title='bbox 396 638 424 713; x_wconf 89' lang='lat' dir='ltr'><strong>is</strong></span> <span class='ocrx_word' id='word_1_25' title='bbox 449 638 703 735; x_wconf 85' lang='lat' dir='ltr'><strong>compositionis</strong></span> <span class='ocrx_word' id='word_1_26' title='bbox 727 641 846 728; x_wconf 88' lang='lat' dir='ltr'><strong>decor,</strong></span> <span class='ocrx_word' id='word_1_27' title='bbox 871 665 910 713; x_wconf 81' lang='lat' dir='ltr'><strong>ea</strong></span> <span class='ocrx_word' id='word_1_28' title='bbox 936 642 1180 715; x_wconf 79' lang='lat' dir='ltr'><strong>sententiarum</strong></span> 
     </span>
     <span class='ocr_line' id='line_1_5' title="bbox 50 753 1178 854; baseline 0.006 -31"><span class='ocrx_word' id='word_1_29' title='bbox 50 753 172 847; x_wconf 83' lang='lat' dir='ltr'><strong>planitas</strong></span> <span class='ocrx_word' id='word_1_30' title='bbox 189 771 254 842; x_wconf 83' lang='lat' dir='ltr'><strong>est,</strong></span> <span class='ocrx_word' id='word_1_31' title='bbox 267 756 315 847; x_wconf 86' lang='lat' dir='ltr'><strong>sic</strong></span> <span class='ocrx_word' id='word_1_32' title='bbox 332 754 520 849; x_wconf 83' lang='lat' dir='ltr'><strong>exprimitis</strong></span> <span class='ocrx_word' id='word_1_33' title='bbox 529 754 684 845; x_wconf 85' lang='lat' dir='ltr'><strong>affectus,</strong></span> <span class='ocrx_word' id='word_1_34' title='bbox 697 756 745 827; x_wconf 92' lang='lat' dir='ltr'><strong>sic</strong></span> <span class='ocrx_word' id='word_1_35' title='bbox 763 754 954 828; x_wconf 86' lang='lat' dir='ltr'><strong>libertatem</strong></span> <span class='ocrx_word' id='word_1_36' title='bbox 968 757 1178 854; x_wconf 74' lang='lat' dir='ltr'><strong>temperatis,</strong></span> 
     </span>
    </p>
   </div>
   <div class='ocr_carea' id='block_1_3' title="bbox 51 868 1290 969">
    <p class='ocr_par' dir='ltr' id='par_1_3' title="bbox 51 868 1290 969">
     <span class='ocr_line' id='line_1_6' title="bbox 51 868 1290 969; baseline 0.006 -30"><span class='ocrx_word' id='word_1_37' title='bbox 51 884 78 939; x_wconf 88' lang='lat' dir='ltr'><strong>ut</strong></span> <span class='ocrx_word' id='word_1_38' title='bbox 98 868 207 942; x_wconf 79' lang='lat' dir='ltr'><strong>etiam&#39;</strong></span> <span class='ocrx_word' id='word_1_39' title='bbox 220 870 249 943; x_wconf 88' lang='lat' dir='ltr'><strong>si</strong></span> <span class='ocrx_word' id='word_1_40' title='bbox 275 886 390 943; x_wconf 88' lang='lat' dir='ltr'><strong>nostra</strong></span> <span class='ocrx_word' id='word_1_41' title='bbox 410 870 538 968; x_wconf 85' lang='lat' dir='ltr'><strong>judicia</strong></span> <span class='ocrx_word' id='word_1_42' title='bbox 559 871 811 969; x_wconf 31' lang='lat' dir='ltr'><strong>*lignitasret</strong></span> <span class='ocrx_word' id='word_1_43' title='bbox 835 870 961 945; x_wconf 80' lang='lat' dir='ltr'><strong>inuidia</strong></span> <span class='ocrx_word' id='word_1_44' title='bbox 983 874 1178 964; x_wconf 77' lang='lat' dir='ltr'><strong>tardaverit,</strong></span> <span class='ocrx_word' id='word_1_45' title='bbox 1284 915 1290 935; x_wconf 84' lang='lat'><strong>·</strong></span> 
     </span>
    </p>
   </div>
   <div class='ocr_carea' id='block_1_4' title="bbox 48 985 846 1082">
    <p class='ocr_par' dir='ltr' id='par_1_4' title="bbox 48 985 846 1082">
     <span class='ocr_line' id='line_1_7' title="bbox 48 985 846 1082; baseline 0.008 -29"><span class='ocrx_word' id='word_1_46' title='bbox 48 1006 151 1057; x_wconf 78' lang='lat' dir='ltr'><strong>rerum</strong></span> <span class='ocrx_word' id='word_1_47' title='bbox 167 986 212 1058; x_wconf 90' lang='lat' dir='ltr'><strong>de</strong></span> <span class='ocrx_word' id='word_1_48' title='bbox 225 986 325 1059; x_wconf 84' lang='lat' dir='ltr'><strong>vobis</strong></span> <span class='ocrx_word' id='word_1_49' title='bbox 340 985 464 1058; x_wconf 83' lang='lat' dir='ltr'><strong>dicturi</strong></span> <span class='ocrx_word' id='word_1_50' title='bbox 480 985 566 1057; x_wconf 89' lang='lat' dir='ltr'><strong>sint¹</strong></span> <span class='ocrx_word' id='word_1_51' title='bbox 585 986 711 1082; x_wconf 68' lang='lat' dir='ltr'><strong>postem</strong></span> <span class='ocrx_word' id='word_1_52' title='bbox 726 986 846 1059; x_wconf 83' lang='lat' dir='ltr'><strong>nostri</strong></span> 
     </span>
    </p>
   </div>
   <div class='ocr_carea' id='block_1_5' title="bbox 46 1216 1181 3050">
    <p class='ocr_par' dir='ltr' id='par_1_5' title="bbox 46 1216 1181 3050">
     <span class='ocr_line' id='line_1_8' title="bbox 85 1216 1176 1317; baseline 0.007 -32"><span class='ocrx_word' id='word_1_53' title='bbox 85 1224 138 1287; x_wconf 76' lang='lat'><strong>24.</strong></span> <span class='ocrx_word' id='word_1_54' title='bbox 182 1218 288 1311; x_wconf 75' lang='lat' dir='ltr'><strong>Qum</strong></span> <span class='ocrx_word' id='word_1_55' title='bbox 327 1216 413 1289; x_wconf 79' lang='lat' dir='ltr'><strong>crim</strong></span> <span class='ocrx_word' id='word_1_56' title='bbox 456 1221 555 1312; x_wconf 85' lang='lat' dir='ltr'><strong>Aper</strong></span> <span class='ocrx_word' id='word_1_57' title='bbox 591 1216 743 1308; x_wconf 80' lang='lat' dir='ltr'><strong>dixisset,</strong></span> <span class='ocrx_word' id='word_1_58' title='bbox 777 1216 1032 1317; x_wconf 64' lang='lat' dir='ltr'><strong>Agnoscimus,</strong></span> <span class='ocrx_word' id='word_1_59' title='bbox 1064 1219 1176 1317; x_wconf 64' lang='lat' dir='ltr'><strong>inqui</strong></span> 
     </span>
     <span class='ocr_line' id='line_1_9' title="bbox 47 1330 1179 1431; baseline 0.005 -30"><span class='ocrx_word' id='word_1_60' title='bbox 47 1330 235 1422; x_wconf 77' lang='lat' dir='ltr'><strong>Maternus,</strong></span> <span class='ocrx_word' id='word_1_61' title='bbox 252 1332 323 1407; x_wconf 83' lang='lat' dir='ltr'><strong>vim</strong></span> <span class='ocrx_word' id='word_1_62' title='bbox 339 1351 378 1407; x_wconf 89' lang='lat' dir='ltr'><strong>et</strong></span> <span class='ocrx_word' id='word_1_63' title='bbox 390 1334 550 1405; x_wconf 87' lang='lat' dir='ltr'><strong>ardorem</strong></span> <span class='ocrx_word' id='word_1_64' title='bbox 574 1334 663 1430; x_wconf 84' lang='lat' dir='ltr'><strong>Ap&#39;ri</strong></span> <span class='ocrx_word' id='word_1_65' title='bbox 688 1334 820 1407; x_wconf 85' lang='lat' dir='ltr'><strong>nostri?</strong></span> <span class='ocrx_word' id='word_1_66' title='bbox 846 1361 916 1431; x_wconf 89' lang='lat' dir='ltr'><strong>quo</strong></span> <span class='ocrx_word' id='word_1_67' title='bbox 933 1336 1063 1431; x_wconf 87' lang='lat' dir='ltr'><strong>impetu</strong></span> <span class='ocrx_word' id='word_1_68' title='bbox 1080 1362 1179 1411; x_wconf 86' lang='lat' dir='ltr'><strong>secu·</strong></span> 
     </span>
     <span class='ocr_line' id='line_1_10' title="bbox 47 1446 1179 1545; baseline 0.009 -30"><span class='ocrx_word' id='word_1_69' title='bbox 47 1446 105 1517; x_wconf 87' lang='lat' dir='ltr'><strong>lum</strong></span> <span class='ocrx_word' id='word_1_70' title='bbox 135 1468 297 1521; x_wconf 84' lang='lat' dir='ltr'><strong>nostrum</strong></span> <span class='ocrx_word' id='word_1_71' title='bbox 328 1446 500 1522; x_wconf 82' lang='lat' dir='ltr'><strong>defendit!</strong></span> <span class='ocrx_word' id='word_1_72' title='bbox 521 1448 638 1545; x_wconf 81' lang='lat' dir='ltr'><strong>¹quiun</strong></span> <span class='ocrx_word' id='word_1_73' title='bbox 671 1448 809 1545; x_wconf 70' lang='lat' dir='ltr'><strong>copiose</strong></span> <span class='ocrx_word' id='word_1_74' title='bbox 843 1474 883 1521; x_wconf 83' lang='lat' dir='ltr'><strong>ac</strong></span> <span class='ocrx_word' id='word_1_75' title='bbox 916 1450 1008 1523; x_wconf 70' lang='lat' dir='ltr'><strong>varie</strong></span> <span class='ocrx_word' id='word_1_76' title='bbox 1041 1451 1179 1525; x_wconf 76' lang='lat' dir='ltr'><strong>vexavit</strong></span> 
     </span>
     <span class='ocr_line' id='line_1_11' title="bbox 46 1552 1178 1663; baseline 0.008 -32"><span class='ocrx_word' id='word_1_77' title='bbox 46 1562 202 1658; x_wconf 82' lang='lat' dir='ltr'><strong>antiquos!</strong></span> <span class='ocrx_word' id='word_1_78' title='bbox 232 1582 362 1662; x_wconf 87' lang='lat' dir='ltr'><strong>quanto</strong></span> <span class='ocrx_word' id='word_1_79' title='bbox 386 1590 470 1637; x_wconf 89' lang='lat' dir='ltr'><strong>non.</strong></span> <span class='ocrx_word' id='word_1_80' title='bbox 483 1566 600 1639; x_wconf 74' lang='lat' dir='ltr'><strong>stillim</strong></span> <span class='ocrx_word' id='word_1_81' title='bbox 617 1564 754 1663; x_wconf 84' lang='lat' dir='ltr'><strong>ingenio</strong></span> <span class='ocrx_word' id='word_1_82' title='bbox 779 1590 818 1637; x_wconf 86' lang='lat' dir='ltr'><strong>ac</strong></span> <span class='ocrx_word' id='word_1_83' title='bbox 838 1552 971 1660; x_wconf 84' lang='lat' dir='ltr'><strong>spiritu,</strong></span> <span class='ocrx_word' id='word_1_84' title='bbox 996 1566 1178 1641; x_wconf 82' lang='lat' dir='ltr'><strong>sedetiam</strong></span> 
     </span>
     <span class='ocr_line' id='line_1_12' title="bbox 47 1678 1179 1777; baseline 0.006 -33"><span class='ocrx_word' id='word_1_85' title='bbox 47 1678 218 1753; x_wconf 88' lang='lat' dir='ltr'><strong>eruditione</strong></span> <span class='ocrx_word' id='word_1_86' title='bbox 235 1697 270 1751; x_wconf 91' lang='lat' dir='ltr'><strong>et</strong></span> <span class='ocrx_word' id='word_1_87' title='bbox 287 1697 372 1771; x_wconf 87' lang='lat' dir='ltr'><strong>arte,</strong></span> <span class='ocrx_word' id='word_1_88' title='bbox 388 1684 431 1755; x_wconf 86' lang='lat' dir='ltr'><strong>ab</strong></span> <span class='ocrx_word' id='word_1_89' title='bbox 448 1682 533 1777; x_wconf 80' lang='lat' dir='ltr'><strong>ipsis</strong></span> <span class='ocrx_word' id='word_1_90' title='bbox 544 1700 718 1754; x_wconf 85' lang='lat' dir='ltr'><strong>mutuatus</strong></span> <span class='ocrx_word' id='word_1_91' title='bbox 734 1698 797 1771; x_wconf 87' lang='lat' dir='ltr'><strong>est,</strong></span> <span class='ocrx_word' id='word_1_92' title='bbox 814 1704 876 1777; x_wconf 86' lang='lat' dir='ltr'><strong>per</strong></span> <span class='ocrx_word' id='word_1_93' title='bbox 890 1706 968 1777; x_wconf 84' lang='lat' dir='ltr'><strong>quae</strong></span> <span class='ocrx_word' id='word_1_94' title='bbox 985 1704 1070 1755; x_wconf 83' lang='lat' dir='ltr'><strong>mox</strong></span> <span class='ocrx_word' id='word_1_95' title='bbox 1086 1681 1179 1777; x_wconf 84' lang='lat' dir='ltr'><strong>ipsos</strong></span> 
     </span>
     <span class='ocr_line' id='line_1_13' title="bbox 47 1788 1181 1895; baseline 0.007 -32"><span class='ocrx_word' id='word_1_96' title='bbox 47 1788 227 1869; x_wconf 84' lang='lat' dir='ltr'><strong>incesseret!</strong></span> <span class='ocrx_word' id='word_1_97' title='bbox 265 1798 386 1869; x_wconf 89' lang='lat' dir='ltr'><strong>Tuum</strong></span> <span class='ocrx_word' id='word_1_98' title='bbox 410 1814 537 1887; x_wconf 70' lang='lat' dir='ltr'><strong>tamem</strong></span> <span class='ocrx_word' id='word_1_99' title='bbox 560 1798 724 1887; x_wconf 79' lang='lat' dir='ltr'><strong>Messala,</strong></span> <span class='ocrx_word' id='word_1_100' title='bbox 746 1797 954 1895; x_wconf 75' lang='lat' dir='ltr'><strong>promiscum</strong></span> <span class='ocrx_word' id='word_1_101' title='bbox 977 1796 1181 1871; x_wconf 73' lang='lat' dir='ltr'><strong>immutitsse</strong></span> 
     </span>
     <span class='ocr_line' id='line_1_14' title="bbox 47 1912 1179 2011; baseline 0.008 -34"><span class='ocrx_word' id='word_1_102' title='bbox 47 1929 101 1980; x_wconf 90' lang='lat' dir='ltr'><strong>non</strong></span> <span class='ocrx_word' id='word_1_103' title='bbox 116 1914 244 1985; x_wconf 82' lang='lat' dir='ltr'><strong>debes:</strong></span> <span class='ocrx_word' id='word_1_104' title='bbox 270 1938 384 2011; x_wconf 87' lang='lat' dir='ltr'><strong>neque</strong></span> <span class='ocrx_word' id='word_1_105' title='bbox 409 1914 499 1986; x_wconf 77' lang='lat' dir='ltr'><strong>enin</strong></span> <span class='ocrx_word' id='word_1_106' title='bbox 516 1912 724 1989; x_wconf 84' lang='lat' dir='ltr'><strong>defensores</strong></span> <span class='ocrx_word' id='word_1_107' title='bbox 748 1913 970 2009; x_wconf 86' lang='lat' dir='ltr'><strong>antiquorum</strong></span> <span class='ocrx_word' id='word_1_108' title='bbox 992 1913 1179 2011; x_wconf 83' lang='lat' dir='ltr'><strong>exigimus,</strong></span> 
     </span>
     <span class='ocr_line' id='line_1_15' title="bbox 49 2017 1180 2126; baseline 0.01 -34"><span class='ocrx_word' id='word_1_109' title='bbox 49 2044 95 2095; x_wconf 84' lang='lat' dir='ltr'><strong>nec</strong></span> <span class='ocrx_word' id='word_1_110' title='bbox 111 2034 322 2124; x_wconf 83' lang='lat' dir='ltr'><strong>quemquam</strong></span> <span class='ocrx_word' id='word_1_111' title='bbox 334 2046 546 2117; x_wconf 87' lang='lat' dir='ltr'><strong>nostrorum,</strong></span> <span class='ocrx_word' id='word_1_112' title='bbox 559 2052 769 2126; x_wconf 82' lang='lat' dir='ltr'><strong>quamquam</strong></span> <span class='ocrx_word' id='word_1_113' title='bbox 784 2029 892 2101; x_wconf 77' lang='lat' dir='ltr'><strong>modo</strong></span> <span class='ocrx_word' id='word_1_114' title='bbox 905 2017 1032 2104; x_wconf 82' lang='lat' dir='ltr'><strong>laudati</strong></span> <span class='ocrx_word' id='word_1_115' title='bbox 1044 2054 1180 2118; x_wconf 82' lang='lat' dir='ltr'><strong>sumus,</strong></span> 
     </span>
     <span class='ocr_line' id='line_1_16' title="bbox 49 2137 1180 2241; baseline 0.009 -34"><span class='ocrx_word' id='word_1_116' title='bbox 49 2137 98 2233; x_wconf 86' lang='lat' dir='ltr'><strong>his,</strong></span> <span class='ocrx_word' id='word_1_117' title='bbox 127 2166 215 2238; x_wconf 89' lang='lat' dir='ltr'><strong>quos</strong></span> <span class='ocrx_word' id='word_1_118' title='bbox 243 2144 426 2217; x_wconf 84' lang='lat' dir='ltr'><strong>insectatus</strong></span> <span class='ocrx_word' id='word_1_119' title='bbox 453 2161 503 2218; x_wconf 86' lang='lat' dir='ltr'><strong>est</strong></span> <span class='ocrx_word' id='word_1_120' title='bbox 529 2148 641 2241; x_wconf 83' lang='lat' dir='ltr'><strong>Aper,</strong></span> <span class='ocrx_word' id='word_1_121' title='bbox 668 2168 928 2241; x_wconf 88' lang='lat' dir='ltr'><strong>comparamus:</strong></span> <span class='ocrx_word' id='word_1_122' title='bbox 963 2170 1003 2217; x_wconf 87' lang='lat' dir='ltr'><strong>ac</strong></span> <span class='ocrx_word' id='word_1_123' title='bbox 1032 2168 1078 2217; x_wconf 89' lang='lat' dir='ltr'><strong>ne</strong></span> <span class='ocrx_word' id='word_1_124' title='bbox 1102 2144 1180 2241; x_wconf 81' lang='lat' dir='ltr'><strong>ipse</strong></span> 
     </span>
     <span class='ocr_line' id='line_1_17' title="bbox 48 2256 1177 2356; baseline 0.013 -31"><span class='ocrx_word' id='word_1_125' title='bbox 48 2256 168 2349; x_wconf 89' lang='lat' dir='ltr'><strong>quidem</strong></span> <span class='ocrx_word' id='word_1_126' title='bbox 183 2258 231 2333; x_wconf 87' lang='lat' dir='ltr'><strong>ita</strong></span> <span class='ocrx_word' id='word_1_127' title='bbox 248 2258 363 2347; x_wconf 84' lang='lat' dir='ltr'><strong>sentit,</strong></span> <span class='ocrx_word' id='word_1_128' title='bbox 379 2260 440 2331; x_wconf 81' lang='lat' dir='ltr'><strong>se&#39;d</strong></span> <span class='ocrx_word' id='word_1_129' title='bbox 456 2284 554 2332; x_wconf 86' lang='lat' dir='ltr'><strong>more</strong></span> <span class='ocrx_word' id='word_1_130' title='bbox 565 2261 696 2349; x_wconf 65' lang='lat' dir='ltr'><strong>ueteri,</strong></span> <span class='ocrx_word' id='word_1_131' title='bbox 713 2277 747 2333; x_wconf 89' lang='lat' dir='ltr'><strong>et</strong></span> <span class='ocrx_word' id='word_1_132' title='bbox 765 2260 786 2333; x_wconf 74' lang='lat' dir='ltr'><strong>i</strong></span> <span class='ocrx_word' id='word_1_133' title='bbox 801 2260 923 2333; x_wconf 81' lang='lat' dir='ltr'><strong>vestris</strong></span> <span class='ocrx_word' id='word_1_134' title='bbox 937 2260 1177 2356; x_wconf 76' lang='lat' dir='ltr'><strong>philosophis²</strong></span> 
     </span>
     <span class='ocr_line' id='line_1_18' title="bbox 47 2374 1180 2471; baseline 0.002 -25"><span class='ocrx_word' id='word_1_135' title='bbox 47 2394 119 2467; x_wconf 69' lang='lat' dir='ltr'><strong>sape</strong></span> <span class='ocrx_word' id='word_1_136' title='bbox 135 2374 323 2463; x_wconf 74' lang='lat' dir='ltr'><strong>celebrato,</strong></span> <span class='ocrx_word' id='word_1_137' title='bbox 339 2375 459 2447; x_wconf 80' lang='lat' dir='ltr'><strong>sumsit</strong></span> <span class='ocrx_word' id='word_1_138' title='bbox 474 2376 538 2448; x_wconf 90' lang='lat' dir='ltr'><strong>sibi</strong></span> <span class='ocrx_word' id='word_1_139' title='bbox 553 2375 806 2449; x_wconf 79' lang='lat' dir='ltr'><strong>contradicendi</strong></span> <span class='ocrx_word' id='word_1_140' title='bbox 824 2391 947 2470; x_wconf 80' lang='lat' dir='ltr'><strong>partes.</strong></span> <span class='ocrx_word' id='word_1_141' title='bbox 997 2376 1180 2471; x_wconf 81' lang='lat' dir='ltr'><strong>Expronre</strong></span> 
     </span>
     <span class='ocr_line' id='line_1_19' title="bbox 47 2487 1180 2588; baseline 0.009 -34"><span class='ocrx_word' id='word_1_142' title='bbox 47 2489 138 2578; x_wconf 81' lang='lat' dir='ltr'><strong>nobis,</strong></span> <span class='ocrx_word' id='word_1_143' title='bbox 153 2515 226 2564; x_wconf 88' lang='lat' dir='ltr'><strong>non</strong></span> <span class='ocrx_word' id='word_1_144' title='bbox 249 2490 738 2588; x_wconf 80' lang='lat' dir='ltr'><strong>laudationem&#39;antiquorum,</strong></span> <span class='ocrx_word' id='word_1_145' title='bbox 763 2491 842 2564; x_wconf 84' lang='lat' dir='ltr'><strong>satis</strong></span> <span class='ocrx_word' id='word_1_146' title='bbox 866 2491 971 2586; x_wconf 49' lang='lat' dir='ltr'><strong>enim,</strong></span> <span class='ocrx_word' id='word_1_147' title='bbox 982 2490 1061 2564; x_wconf 89' lang='lat' dir='ltr'><strong>illos</strong></span> <span class='ocrx_word' id='word_1_148' title='bbox 1083 2487 1180 2564; x_wconf 83' lang='lat' dir='ltr'><strong>fama</strong></span> 
     </span>
     <span class='ocr_line' id='line_1_20' title="bbox 47 2604 1177 2703; baseline 0.006 -32"><span class='ocrx_word' id='word_1_149' title='bbox 47 2626 94 2673; x_wconf 88' lang='lat' dir='ltr'><strong>sua</strong></span> <span class='ocrx_word' id='word_1_150' title='bbox 107 2605 234 2697; x_wconf 85' lang='lat' dir='ltr'><strong>laudat,</strong></span> <span class='ocrx_word' id='word_1_151' title='bbox 256 2607 317 2680; x_wconf 83' lang='lat' dir='ltr'><strong>sed</strong></span> <span class='ocrx_word' id='word_1_152' title='bbox 335 2631 464 2693; x_wconf 80' lang='lat' dir='ltr'><strong>causas,</strong></span> <span class='ocrx_word' id='word_1_153' title='bbox 481 2630 546 2678; x_wconf 86' lang='lat' dir='ltr'><strong>cur</strong></span> <span class='ocrx_word' id='word_1_154' title='bbox 566 2605 758 2680; x_wconf 80' lang='lat' dir='ltr'><strong>intantum</strong></span> <span class='ocrx_word' id='word_1_155' title='bbox 775 2607 818 2678; x_wconf 86' lang='lat' dir='ltr'><strong>ab</strong></span> <span class='ocrx_word' id='word_1_156' title='bbox 834 2604 1030 2703; x_wconf 70' lang='lat' dir='ltr'><strong>eloquentiis</strong></span> <span class='ocrx_word' id='word_1_157' title='bbox 1052 2628 1177 2678; x_wconf 84' lang='lat' dir='ltr'><strong>eorum</strong></span> 
     </span>
     <span class='ocr_line' id='line_1_21' title="bbox 48 2720 1177 2820; baseline 0.008 -34"><span class='ocrx_word' id='word_1_158' title='bbox 48 2723 292 2812; x_wconf 63' lang='lat' dir='ltr'><strong>recsserimuss</strong></span> <span class='ocrx_word' id='word_1_159' title='bbox 317 2723 403 2796; x_wconf 71' lang='lat' dir='ltr'><strong>edm</strong></span> <span class='ocrx_word' id='word_1_160' title='bbox 428 2720 622 2819; x_wconf 71' lang='lat' dir='ltr'><strong>presertim·</strong></span> <span class='ocrx_word' id='word_1_161' title='bbox 640 2741 780 2796; x_wconf 87' lang='lat' dir='ltr'><strong>centum</strong></span> <span class='ocrx_word' id='word_1_162' title='bbox 797 2737 832 2793; x_wconf 92' lang='lat' dir='ltr'><strong>et</strong></span> <span class='ocrx_word' id='word_1_163' title='bbox 855 2720 974 2820; x_wconf 86' lang='lat' dir='ltr'><strong>viginti</strong></span> <span class='ocrx_word' id='word_1_164' title='bbox 998 2745 1111 2794; x_wconf 85' lang='lat' dir='ltr'><strong>armos</strong></span> <span class='ocrx_word' id='word_1_165' title='bbox 1129 2722 1177 2794; x_wconf 84' lang='lat' dir='ltr'><strong>ab</strong></span> 
     </span>
     <span class='ocr_line' id='line_1_22' title="bbox 47 2828 1174 2935; baseline 0.007 -33"><span class='ocrx_word' id='word_1_166' title='bbox 47 2828 161 2910; x_wconf 82' lang='lat' dir='ltr'><strong>itteritu</strong></span> <span class='ocrx_word' id='word_1_167' title='bbox 181 2837 372 2913; x_wconf 77' lang='lat' dir='ltr'><strong>¹Ciceronis</strong></span> <span class='ocrx_word' id='word_1_168' title='bbox 399 2837 437 2912; x_wconf 85' lang='lat' dir='ltr'><strong>in</strong></span> <span class='ocrx_word' id='word_1_169' title='bbox 469 2838 579 2912; x_wconf 77' lang='lat' dir='ltr'><strong>hune.</strong></span> <span class='ocrx_word' id='word_1_170' title='bbox 596 2836 688 2912; x_wconf 90' lang='lat' dir='ltr'><strong>diem</strong></span> <span class='ocrx_word' id='word_1_171' title='bbox 721 2837 808 2912; x_wconf 85' lang='lat' dir='ltr'><strong>effici</strong></span> <span class='ocrx_word' id='word_1_172' title='bbox 839 2837 926 2911; x_wconf 77' lang='lat' dir='ltr'><strong>tatio</strong></span> <span class='ocrx_word' id='word_1_173' title='bbox 953 2840 1174 2935; x_wconf 77' lang='lat' dir='ltr'><strong>temporum‘</strong></span> 
     </span>
     <span class='ocr_line' id='line_1_23' title="bbox 49 2949 630 3050; baseline 0.016 -34"><span class='ocrx_word' id='word_1_174' title='bbox 49 2949 212 3050; x_wconf 81' lang='lat' dir='ltr'><strong>collegerit.</strong></span> <span class='ocrx_word' id='word_1_175' title='bbox 463 2965 467 2974; x_wconf 89' lang='lat'>&#39;</span> <span class='ocrx_word' id='word_1_176' title='bbox 626 2965 630 2974; x_wconf 88' lang='lat'>&#39;</span> 
     </span>
    </p>
   </div>
   <div class='ocr_carea' id='block_1_6' title="bbox 49 3183 1178 3750">
    <p class='ocr_par' dir='ltr' id='par_1_6' title="bbox 49 3183 1178 3750">
     <span class='ocr_line' id='line_1_24' title="bbox 85 3183 1178 3284; baseline 0.005 -32"><span class='ocrx_word' id='word_1_177' title='bbox 85 3193 136 3256; x_wconf 76' lang='lat'><strong>25.</strong></span> <span class='ocrx_word' id='word_1_178' title='bbox 160 3189 256 3259; x_wconf 83' lang='lat' dir='ltr'><strong>Tum</strong></span> <span class='ocrx_word' id='word_1_179' title='bbox 279 3189 459 3262; x_wconf 78' lang='lat' dir='ltr'><strong>illetmla:</strong></span> <span class='ocrx_word' id='word_1_180' title='bbox 486 3187 619 3283; x_wconf 83' lang='lat' dir='ltr'><strong>Sequar</strong></span> <span class='ocrx_word' id='word_1_181' title='bbox 646 3185 666 3260; x_wconf 70' lang='lat' dir='ltr'><strong>a</strong></span> <span class='ocrx_word' id='word_1_182' title='bbox 692 3202 728 3259; x_wconf 90' lang='lat' dir='ltr'><strong>te</strong></span> <span class='ocrx_word' id='word_1_183' title='bbox 750 3185 983 3284; x_wconf 79' lang='lat' dir='ltr'><strong>praescriptam</strong></span> <span class='ocrx_word' id='word_1_184' title='bbox 1009 3183 1178 3274; x_wconf 74' lang='lat' dir='ltr'><strong>formam,</strong></span> 
     </span>
     <span class='ocr_line' id='line_1_25' title="bbox 49 3293 1174 3400; baseline 0.006 -34"><span class='ocrx_word' id='word_1_185' title='bbox 49 3293 203 3375; x_wconf 84' lang='lat' dir='ltr'><strong>Materne:</strong></span> <span class='ocrx_word' id='word_1_186' title='bbox 232 3304 456 3400; x_wconf 88' lang='lat' dir='ltr'><strong>nequeenim</strong></span> <span class='ocrx_word' id='word_1_187' title='bbox 481 3303 539 3375; x_wconf 86' lang='lat' dir='ltr'><strong>diu</strong></span> <span class='ocrx_word' id='word_1_188' title='bbox 565 3304 872 3378; x_wconf 87' lang='lat' dir='ltr'><strong>contradicendum</strong></span> <span class='ocrx_word' id='word_1_189' title='bbox 897 3319 947 3375; x_wconf 89' lang='lat' dir='ltr'><strong>est</strong></span> <span class='ocrx_word' id='word_1_190' title='bbox 972 3307 1087 3398; x_wconf 88' lang='lat' dir='ltr'><strong>Apro,</strong></span> <span class='ocrx_word' id='word_1_191' title='bbox 1111 3301 1174 3398; x_wconf 87' lang='lat' dir='ltr'><strong>qui</strong></span> 
     </span>
     <span class='ocr_line' id='line_1_26' title="bbox 50 3411 1174 3515; baseline 0.002 -27"><span class='ocrx_word' id='word_1_192' title='bbox 50 3411 193 3508; x_wconf 75' lang='lat' dir='ltr'><strong>plnum,</strong></span> <span class='ocrx_word' id='word_1_193' title='bbox 208 3437 248 3492; x_wconf 88' lang='lat' dir='ltr'><strong>ut</strong></span> <span class='ocrx_word' id='word_1_194' title='bbox 260 3420 399 3515; x_wconf 85' lang='lat' dir='ltr'><strong>opinor,</strong></span> <span class='ocrx_word' id='word_1_195' title='bbox 412 3419 559 3492; x_wconf 90' lang='lat' dir='ltr'><strong>nominis</strong></span> <span class='ocrx_word' id='word_1_196' title='bbox 576 3419 844 3494; x_wconf 84' lang='lat' dir='ltr'><strong>controversiam</strong></span> <span class='ocrx_word' id='word_1_197' title='bbox 860 3418 980 3506; x_wconf 84' lang='lat' dir='ltr'><strong>movit,</strong></span> <span class='ocrx_word' id='word_1_198' title='bbox 995 3435 1174 3515; x_wconf 81' lang='lat' dir='ltr'><strong>tamquam</strong></span> 
     </span>
     <span class='ocr_line' id='line_1_27' title="bbox 51 3532 1173 3634; baseline 0.001 -30"><span class='ocrx_word' id='word_1_199' title='bbox 51 3532 152 3618; x_wconf 80' lang='lat' dir='ltr'><strong>parum</strong></span> <span class='ocrx_word' id='word_1_200' title='bbox 172 3536 312 3634; x_wconf 68' lang='lat' dir='ltr'><strong>proprie·</strong></span> <span class='ocrx_word' id='word_1_201' title='bbox 328 3537 456 3634; x_wconf 82' lang='lat' dir='ltr'><strong>antiqui</strong></span> <span class='ocrx_word' id='word_1_202' title='bbox 479 3555 696 3626; x_wconf 81' lang='lat' dir='ltr'><strong>vocarentur,</strong></span> <span class='ocrx_word' id='word_1_203' title='bbox 722 3535 920 3634; x_wconf 79' lang='lat' dir='ltr'><strong>quos‘satis</strong></span> <span class='ocrx_word' id='word_1_204' title='bbox 938 3551 1069 3607; x_wconf 90' lang='lat' dir='ltr'><strong>constat</strong></span> <span class='ocrx_word' id='word_1_205' title='bbox 1092 3549 1173 3606; x_wconf 85' lang='lat' dir='ltr'><strong>ante</strong></span> 
     </span>
     <span class='ocr_line' id='line_1_28' title="bbox 53 3649 1172 3750; baseline 0.003 -34"><span class='ocrx_word' id='word_1_206' title='bbox 53 3663 165 3723; x_wconf 81' lang='lat' dir='ltr'><strong>cmmm</strong></span> <span class='ocrx_word' id='word_1_207' title='bbox 183 3677 291 3725; x_wconf 88' lang='lat' dir='ltr'><strong>annos</strong></span> <span class='ocrx_word' id='word_1_208' title='bbox 316 3649 431 3726; x_wconf 84' lang='lat' dir='ltr'><strong>fuisse.</strong></span> <span class='ocrx_word' id='word_1_209' title='bbox 482 3653 572 3726; x_wconf 90' lang='lat' dir='ltr'><strong>Mihi</strong></span> <span class='ocrx_word' id='word_1_210' title='bbox 588 3671 704 3727; x_wconf 90' lang='lat' dir='ltr'><strong>autem</strong></span> <span class='ocrx_word' id='word_1_211' title='bbox 722 3654 765 3724; x_wconf 91' lang='lat' dir='ltr'><strong>de</strong></span> <span class='ocrx_word' id='word_1_212' title='bbox 781 3652 949 3725; x_wconf 85' lang='lat' dir='ltr'><strong>vocabulo</strong></span> <span class='ocrx_word' id='word_1_213' title='bbox 966 3673 1084 3750; x_wconf 82' lang='lat' dir='ltr'><strong>pugna</strong></span> <span class='ocrx_word' id='word_1_214' title='bbox 1099 3671 1172 3720; x_wconf 91' lang='lat' dir='ltr'><strong>non</strong></span> 
     </span>
    </p>
   </div>
   <div class='ocr_carea' id='block_1_7' title="bbox 56 3909 1226 4480">
    <p class='ocr_par' dir='ltr' id='par_1_7' title="bbox 56 3909 1171 3998">
     <span class='ocr_line' id='line_1_29' title="bbox 56 3909 1171 3998; baseline 0.004 -34"><span class='ocrx_word' id='word_1_215' title='bbox 56 3909 333 3997; x_wconf 56' lang='lat' dir='ltr'><strong>eloquentissima</strong></span> <span class='ocrx_word' id='word_1_216' title='bbox 348 3919 566 3998; x_wconf 79' lang='lat' dir='ltr'><strong>dicrutligenus:</strong></span> <span class='ocrx_word' id='word_1_217' title='bbox 626 3920 673 3977; x_wconf 79' lang='lat' dir='ltr'><strong>Ad</strong></span> <span class='ocrx_word' id='word_1_218' title='bbox 693 3927 820 3996; x_wconf 77' lang='lat' dir='ltr'><strong>posteros</strong></span> <span class='ocrx_word' id='word_1_219' title='bbox 846 3919 916 3976; x_wconf 81' lang='lat' dir='ltr'><strong>enim</strong></span> <span class='ocrx_word' id='word_1_220' title='bbox 939 3915 1030 3973; x_wconf 79' lang='lat' dir='ltr'><strong>virtut</strong></span> <span class='ocrx_word' id='word_1_221' title='bbox 1047 3913 1171 3982; x_wconf 74' lang='lat' dir='ltr'><strong>durabit,</strong></span> 
     </span>
    </p>

    <p class='ocr_par' dir='ltr' id='par_1_8' title="bbox 56 3994 963 4076">
     <span class='ocr_line' id='line_1_30' title="bbox 56 3994 963 4076; baseline 0.01 -33"><span class='ocrx_word' id='word_1_222' title='bbox 56 3994 273 4071; x_wconf 62' lang='lat' dir='ltr'><strong>torquatorum,</strong></span> <span class='ocrx_word' id='word_1_223' title='bbox 283 3999 365 4059; x_wconf 80' lang='lat' dir='ltr'><strong>etium</strong></span> <span class='ocrx_word' id='word_1_224' title='bbox 381 4009 568 4075; x_wconf 79' lang='lat' dir='ltr'><strong>qrtuassumto</strong></span> <span class='ocrx_word' id='word_1_225' title='bbox 625 4021 677 4060; x_wconf 85' lang='lat' dir='ltr'><strong>non</strong></span> <span class='ocrx_word' id='word_1_226' title='bbox 690 4000 832 4076; x_wconf 79' lang='lat' dir='ltr'><strong>perveniet</strong></span> <span class='ocrx_word' id='word_1_227' title='bbox 847 3997 963 4056; x_wconf 79' lang='lat' dir='ltr'><strong>invidia.</strong></span> 
     </span>
    </p>

    <p class='ocr_par' dir='ltr' id='par_1_9' title="bbox 57 4074 1175 4155">
     <span class='ocr_line' id='line_1_31' title="bbox 57 4074 1175 4155; baseline -0.006 -16"><span class='ocrx_word' id='word_1_228' title='bbox 57 4079 110 4139; x_wconf 71' lang='lat' dir='ltr'><strong>tunt,</strong></span> <span class='ocrx_word' id='word_1_229' title='bbox 120 4081 285 4155; x_wconf 78' lang='lat' dir='ltr'><strong>proprietas:</strong></span> <span class='ocrx_word' id='word_1_230' title='bbox 308 4088 391 4138; x_wconf 79' lang='lat' dir='ltr'><strong>tantu</strong></span> <span class='ocrx_word' id='word_1_231' title='bbox 410 4079 438 4136; x_wconf 82' lang='lat' dir='ltr'><strong>in</strong></span> <span class='ocrx_word' id='word_1_232' title='bbox 462 4081 570 4154; x_wconf 81' lang='lat' dir='ltr'><strong>quibus-</strong></span> <span class='ocrx_word' id='word_1_233' title='bbox 665 4079 677 4102; x_wconf 76' lang='lat'>²</span> <span class='ocrx_word' id='word_1_234' title='bbox 699 4081 726 4136; x_wconf 79' lang='lat' dir='ltr'><em>A</em></span> <span class='ocrx_word' id='word_1_235' title='bbox 741 4081 842 4137; x_wconf 73' lang='lat' dir='ltr'><strong>vestrm</strong></span> <span class='ocrx_word' id='word_1_236' title='bbox 856 4074 1036 4153; x_wconf 74' lang='lat' dir='ltr'><strong>philosoplis.</strong></span> <span class='ocrx_word' id='word_1_237' title='bbox 1057 4074 1175 4132; x_wconf 73' lang='lat' dir='ltr'><strong>Acade·</strong></span> 
     </span>
    </p>

    <p class='ocr_par' dir='ltr' id='par_1_10' title="bbox 58 4146 1226 4322">
     <span class='ocr_line' id='line_1_32' title="bbox 58 4146 1226 4240; baseline 0.005 -33"><span class='ocrx_word' id='word_1_238' title='bbox 58 4146 571 4238; x_wconf 65' lang='lat' dir='ltr'><strong>dtuerprrictdopctilt&#39;ttignifimutia.</strong></span> <span class='ocrx_word' id='word_1_239' title='bbox 627 4159 841 4240; x_wconf 74' lang='lat' dir='ltr'><strong>tnicisscilicet.</strong></span> <span class='ocrx_word' id='word_1_240' title='bbox 1222 4230 1226 4235; x_wconf 29' lang='grc' dir='ltr'>Ι</span> 
     </span>
     <span class='ocr_line' id='line_1_33' title="bbox 210 4235 1171 4322; baseline -0.01 -19"><span class='ocrx_word' id='word_1_241' title='bbox 210 4291 216 4322; x_wconf 74' lang='lat'><strong>,</strong></span> <span class='ocrx_word' id='word_1_242' title='bbox 665 4236 676 4270; x_wconf 82' lang='lat'><strong>³</strong></span> <span class='ocrx_word' id='word_1_243' title='bbox 699 4239 786 4298; x_wconf 70' lang='lat' dir='ltr'><strong>Ratio</strong></span> <span class='ocrx_word' id='word_1_244' title='bbox 802 4249 963 4316; x_wconf 61' lang='lat' dir='ltr'><strong>timpanum,</strong></span> <span class='ocrx_word' id='word_1_245' title='bbox 996 4236 1094 4304; x_wconf 70' lang='lat' dir='ltr'><strong>Quam</strong></span> <span class='ocrx_word' id='word_1_246' title='bbox 1106 4235 1171 4311; x_wconf 65' lang='lat' dir='ltr'><strong>vida</strong></span> 
     </span>
    </p>

    <p class='ocr_par' dir='ltr' id='par_1_11' title="bbox 86 4303 852 4400">
     <span class='ocr_line' id='line_1_34' title="bbox 86 4303 852 4400; baseline 0.004 -26"><span class='ocrx_word' id='word_1_247' title='bbox 86 4303 101 4397; x_wconf 36' lang='grc' dir='ltr'>Ἰ</span> <span class='ocrx_word' id='word_1_248' title='bbox 122 4311 230 4376; x_wconf 69' lang='lat' dir='ltr'><strong>Dictura·</strong></span> <span class='ocrx_word' id='word_1_249' title='bbox 261 4320 330 4378; x_wconf 75' lang='lat' dir='ltr'><strong>siut.</strong></span> <span class='ocrx_word' id='word_1_250' title='bbox 371 4319 460 4378; x_wconf 70' lang='lat' dir='ltr'><strong>Recte</strong></span> <span class='ocrx_word' id='word_1_251' title='bbox 497 4315 569 4374; x_wconf 80' lang='lat' dir='ltr'><strong>enin</strong></span> <span class='ocrx_word' id='word_1_252' title='bbox 625 4329 852 4400; x_wconf 54' lang='lat' dir='ltr'><strong>snpracnpdt.</strong></span> 
     </span>
    </p>

    <p class='ocr_par' dir='ltr' id='par_1_12' title="bbox 59 4382 790 4480">
     <span class='ocr_line' id='line_1_35' title="bbox 59 4382 790 4480; baseline 0.011 -28"><span class='ocrx_word' id='word_1_253' title='bbox 59 4382 235 4480; x_wconf 70' lang='lat' dir='ltr'><strong>Quintilianus,</strong></span> <span class='ocrx_word' id='word_1_254' title='bbox 258 4401 356 4464; x_wconf 66' lang='lat' dir='ltr'><strong>instit.</strong></span> <span class='ocrx_word' id='word_1_255' title='bbox 370 4401 453 4460; x_wconf 80' lang='lat' dir='ltr'><strong>Orat.</strong></span> <span class='ocrx_word' id='word_1_256' title='bbox 477 4417 528 4460; x_wconf 77' lang='grc' dir='ltr'><strong>ιιι.</strong></span> <span class='ocrx_word' id='word_1_257' title='bbox 545 4408 572 4458; x_wconf 91' lang='lat' dir='ltr'><strong>l.</strong></span> <span class='ocrx_word' id='word_1_258' title='bbox 664 4451 666 4456; x_wconf 88' lang='lat'><em>.</em></span> <span class='ocrx_word' id='word_1_259' title='bbox 784 4451 790 4460; x_wconf 93' lang='lat'>.</span> 
     </span>
    </p>
   </div>
   <div class='ocr_carea' id='block_1_8' title="bbox 0 0 1434 4950">
    <p class='ocr_par' dir='ltr' id='par_1_13' title="bbox 0 0 1434 4950">
     <span class='ocr_line' id='line_1_36' title="bbox 0 0 1434 4950; baseline 0 0"><span class='ocrx_word' id='word_1_260' title='bbox 0 0 1434 4950; x_wconf 95' lang='lat' dir='ltr'><strong> </strong></span> 
     </span>
    </p>
   </div>
  </div>
 </body>
</html>
