2859 4950
243 302 303 363 ΑΒ
323 296 398 360 sss
420 293 478 357 ns
492 293 1026 362 omnisuscnaunuosuu.
1140 308 1206 379 syr

92 448 234 520 Nomine
261 450 436 541 capacioris.
488 448 548 517 Ia.
561 451 735 517 Beroaldus
758 464 792 518 et
812 452 1007 519 recentiores
1047 454 1101 519 Ac
1120 457 1203 525 bens
1256 434 1259 440 ¹

52 550 182 657 quidein,
205 578 243 631 ut
264 578 349 652 potet
370 586 408 629 en
433 562 641 651 sequentibus.
684 562 829 631 Victores
846 565 932 630 enim
957 564 1105 631 Cherusci
1126 567 1204 634 boni

51 678 190 765 sequique
203 677 280 741 olim
300 677 496 756 dicebantur;
517 686 550 740 at
571 674 645 741 victi
666 698 748 741 uiroc
765 675 876 742 inertes
894 699 930 741 ac
945 675 1029 741 stulti
1043 690 1201 744 vocantur.

52 788 210 855 Modestia
237 789 310 873 ergo
339 810 376 853 ac
402 786 539 873 probitas
563 785 689 851 nomina
716 786 881 871 superioris
909 800 989 853 sunt.
1032 785 1070 851 In
1096 788 1201 856 MSS.

50 898 148 963 Vatic.
165 899 251 965 Cod.
268 899 373 985 Kapp.
388 910 420 963 et
442 897 624 963 editionibus
645 897 810 975 veteribus,
824 899 955 964 nomine.
999 900 1077 966 MS.
1089 898 1200 967 Turio.

48 1009 167 1075 minine
194 1011 373 1097 superiores.
418 1008 544 1074 Frustra
571 1010 713 1074 emendat
747 1009 899 1097 Tanaquil
932 1010 1042 1104 Faber,
1070 1012 1199 1079 nomino

48 1120 201 1209 sequioris.
249 1120 406 1201 Heinsius,
420 1122 547 1187 aomina
568 1121 720 1207 superiori
740 1132 822 1203 sant,
843 1122 874 1186 id
895 1133 952 1202 est,
974 1120 993 1185 d
1014 1124 1199 1210 potentiore,

49 1230 194 1309 uticanis
209 1232 343 1311 nomina,
358 1245 552 1317 spernuntur.
652 1314 655 1319 Ι

90 1342 202 1409 Tracti
216 1339 320 1409 mind.
366 1342 452 1407 Bene
468 1340 607 1407 Piohena
620 1355 651 1408 et
661 1342 854 1407 recentiores.
897 1342 937 1408 In
947 1343 1100 1411 veteribus
1113 1344 1201 1413 editi·

49 1454 168 1534 onibus,
184 1455 282 1531 tacti,·
304 1456 388 1541 quod
403 1467 505 1519 tamen
525 1454 661 1519 defendit
676 1454 841 1519 Gruterus.

88 1564 135 1632 Et
150 1564 237 1631 Fosi.
281 1565 362 1631 MS.·
374 1562 476 1629 Vatis.
493 1566 585 1649 1862.
600 1576 629 1630 et
646 1562 733 1631 Fuci.

86 1785 248 1857 Css.87.
271 1782 423 1851 Eundem
436 1782 727 1851 Germaniarum.
758 1782 809 1849 Ita
819 1784 1199 1859 Mssvatiasrundel.

49 1896 126 1965 Cod.
150 1896 261 1985 Kapp.
283 1909 315 1963 et
340 1896 501 1981 Ernestus.
546 1894 696 1961 Placebat
718 1918 842 1983 quoque
864 1896 1036 1963 Gronovio.
1083 1897 1200 1964 Puteo-
1326 1931 1330 1944 =

48 2010 141 2091 lanus,
155 2008 272 2095 aliique
286 2007 357 2073 libri
370 2006 454 2088 editi,
469 2006 579 2074 sinum.
623 2006 668 2095 At
682 2006 734 2071 hic
753 2030 813 2071 nou
828 2008 926 2093 agitur
940 2012 978 2074 de
992 2008 1071 2093 sinu,
1084 2010 1139 2073 sed
1159 2009 1199 2079 de

49 2122 153 2187 eodem
168 2118 348 2185 Germanis
362 2117 435 2199 situ3
460 2117 614 2205 nempeio
630 2117 879 2203 Septemtrionsli
890 2131 987 2205 parts.

89 2230 170 2297 Lars
192 2230 337 2319 uestigio.
381 2227 434 2295 Sic
449 2228 574 2315 quidem
595 2226 721 2314 Lipsius
735 2240 768 2293 et
786 2229 971 2295 recentiores
990 2252 1110 2297 omnes.
1151 2230 1200 2297 At

49 2343 78 2407 in
90 2342 194 2409 MSS.
208 2340 311 2425 Vatis.
326 2354 358 2407 et
372 2338 554 2409 editionibus
568 2338 731 2422 veteribus,
745 2338 814 2407 loto
827 2341 957 2429 vestigio
965 2367 976 2418 ,·
991 2344 1076 2431 quod
1088 2340 1198 2412 melius

49 2468 131 2541 llum·
520 2491 528 2504 ·

91 2565 211 2656 Magis
235 2563 383 2632 narseo
394 2563 506 2650 firm.
552 2565 594 2630 si
612 2565 645 2630 u
666 2561 877 2654 lconjectnrt
900 2567 1072 2652 remense
1087 2548 1200 2634 rasus

52 2676 191 2768 Lipsius:
207 2679 281 2744 cum
295 2674 384 2746 antea
398 2675 527 2740 inlibris
544 2675 658 2756 fuisset,
671 2677 780 2766 mogm'
793 2676 902 2742 exitds.
946 2677 1062 2744 Emittis
1073 2701 1199 2764 quoque

50 2789 160 2856 habeut
182 2789 288 2856 MSS.
303 2787 405 2880 Vatic.
434 2787 529 2852 Forte
551 2787 678 2852 Tacitus
700 2789 813 2882 exitura
835 2787 921 2870 dixit,
943 2801 978 2854 ut
998 2788 1201 2875 irruptionem

52 2900 249 2968 Cimbrorum
265 2899 459 2986 significaret,
474 2899 513 2962 de
529 2899 591 2985 qud
606 2897 758 2980 lustinus,
773 2920 942 2964 xxxv111.
957 2907 989 2964 5.
1011 2907 1036 2938 “
1051 2898 1151 2964 Simul
1166 2909 1200 2978 et

50 3010 68 3076 l
89 3011 261 3080 Germanii
285 3009 432 3076 Cimbros
459 3008 608 3075 immensu
631 3009 727 3074 millia
754 3011 888 3076 ferorum
911 2995 1004 3096 atque
1031 3009 1198 3078 immitium

52 3123 248 3208 populorum,
270 3145 357 3186 more
375 3118 532 3208 procellae,
546 3120 709 3186 inunddsse
723 3117 876 3186 Iuliam?
919 3120 1104 3186 Plutarchus
1119 3144 1199 3208 quo·

52 3255 106 3320 que
119 3236 151 3300 in
167 3231 287 3314 Marto,
301 3257 334 3319 p.
349 3242 424 3298 411.
438 3231 490 3312 eit,
505 3233 627 3298 devicto
647 3231 669 3299 J
672 3231 815 3317 ugurlhd,
836 3253 974 3298 rumores
987 3234 1034 3296 dc'
1046 3231 1199 3301 Teutonis

51 3357 79 3410 et
93 3344 229 3412 Cimbris
241 3344 438 3412 increbuisse.
480 3345 531 3410 Ac
548 3344 651 3432 primd
666 3344 790 3432 quidem
804 3342 990 3409 incredibilis
1006 3367 1072 3408 esse
1086 3367 1196 3410 eorum

51 3455 193 3523 colluvies
205 3459 379 3540 ferebatur;
400 3455 454 3542 qui
472 3479 610 3525 rumores
624 3454 741 3544 'posted
754 3478 828 3520 vero
843 3453 975 3520 minores
988 3455 1099 3541 reperti
1114 3465 1196 3520 sunt.

53 3565 244 3635 Bellatorum
267 3567 349 3633 enim
371 3579 404 3633 et
424 3580 611 3634 armatorum
632 3579 767 3632 trecenta
790 3564 885 3630 millis
909 3565 942 3630 in
961 3566 1081 3652 agmim
1099 3578 1197 3646 erant,

52 3699 215 3764 puerorum
229 3693 331 3746 autem
346 3691 438 3766 atque
448 3678 611 3744 mulierum
625 3677 715 3762 longi
729 3676 860 3766 majores
867 3690 1003 3744 catervas
1016 3677 1196 3744 dicebantur

51 3811 153 3856 locum
183 3813 283 3878 egere.
327 3789 466 3880 Μυριάδες
488 3792 539 3876 μὲν
563 3795 624 3879 γὰρ
651 3795 681 3855 al
705 3787 835 3874 μάχιμοι
854 3789 1007 3880 τριάκοντα
1027 3793 1079 3855 σὺν
1102 3786 1196 3866 ὅπλοις

53 3899 283 3992 ἀέρωῖχλοι
297 3901 444 3968 bicallem
463 3903 512 3968 sal
534 3907 675 3992 γυναικῶν
695 3898 828 3989 ἐλέγοντο
843 3901 917 3968 πολὺ
932 3901 1044 3979 πλείους
1059 3926 1196 3992 cvpassi-

52 4007 180 4098 dyoetaa
820 4079 824 4085 ,

94 4122 168 4190 Non
184 4123 320 4192 Samnis.
361 4123 440 4192 MS.
452 4121 560 4190 Turio.
577 4121 743 4192 Samnites.

91 4235 274 4302 distorsit
298 4233 525 4304 Germanorum
550 4231 687 4324 libertos.
733 4235 867 4323 Egregie
889 4235 1039 4326 &musque
1064 4237 1197 4322 pmden·

54 4340 168 4414 maimo
181 4348 331 4438 πήματι
351 4347 508 4434 scematis,
530 4369 587 4416 nec
609 4347 700 4418 nobis
722 4347 848 4421 stema
890 4345 1075 4420 laeserim
1090 4369 1198 4416 recon-
