2859 4950
249 322 310 379 304
593 366 599 377 ,
662 306 1002 371 sternumentum
1170 316 1206 373 A.
1218 312 1253 373 U.
1267 312 1298 374 C.
1316 318 1371 386 79².

248 498 313 574 per
329 494 450 547 manus
466 495 506 543 ac
522 490 627 566 supra
641 464 752 563 capita
763 464 945 539 hominum
958 464 1138 543 amslatus
1151 482 1200 542 est
1210 472 1241 561 3¹
1263 468 1373 547 virtutis

249 592 452 693 patentum²
476 585 565 661 adel)
581 584 746 684 degener.

301 834 361 898 25.
387 824 537 895 Iatrus
551 808 714 906 fortunae,
731 814 853 916 gloriae
869 815 1087 905 immodicus,
1110 814 1207 889 haud
1218 815 1261 889 ita
1275 816 1375 915 ancipi-

250 960 322 1015 tem
338 936 491 1012 uictoriae
517 932 695 1006 materiam
716 930 889 1029 quaesivit:
916 956 1021 1028 quarn
1038 948 1077 1003 ut
1098 930 1250 1022 haberet,
1272 958 1375 1031 paucos

252 1059 298 1131 de
326 1052 482 1129 custodit
506 1054 705 1124 Germanos
734 1048 841 1149 trajici
870 1048 1051 1146 occulique
1084 1066 1180 1123 amns
1217 1048 1376 1123 Rhenum¹

247 1171 365 1275 jussit3
393 1195 432 1243 ac
443 1167 505 1241 sibi
515 1184 593 1264 post
601 1166 798 1263 prandium,
811 1164 919 1264 quim
931 1164 1235 1241 tumultuosissime
1252 1168 1377 1239 “adesse

252 1298 279 1333 “
303 1286 465 1361 hostem’'
483 1281 642 1355 nuntiari.
694 1284 778 1377 Quo
795 1278 900 1370 facto,
916 1280 1060 1379 proripit
1082 1306 1119 1355 se
1136 1306 1218 1357 cum
1233 1280 1336 1355 anricis
1354 1298 1377 1352 et

252 1422 349 1502 parte
365 1399 521 1499 equitum
531 1396 819 1495 praetorianorutn
829 1396 865 1469 in
877 1396 1073 1495 proximam
1089 1398 1245 1497 sylvam,
1269 1415 1377 1469 trunca·

251 1520 295 1593 tis
307 1516 501 1603 arboribus,
516 1532 551 1587 et
566 1514 603 1585 in
619 1515 765 1586 modum
782 1532 996 1611 tropaeorum
1011 1514 1199 1605 adornatis,
1214 1516 1257 1587 ad
1273 1514 1377 1586 lumina

251 1637 439 1719 reversus,⁴
463 1656 586 1703 eorum
603 1629 662 1726 qui
679 1629 787 1703 secuti
803 1652 876 1701 non
892 1648 1005 1702 essent
1021 1630 1234 1703 timiditatem
1255 1648 1288 1703 et
1306 1630 1378 1729 igun-

230 1750 345 1824 ·viam
367 1745 528 1843 corripit:
555 1745 698 1819 comites
720 1763 836 1819 autem
862 1762 896 1817 et
924 1745 1104 1844 participes
1128 1746 1278 1821 victoutae
1298 1749 1378 1819 donat

252 1882 345 1942 nov‘o
362 1889 491 1964 genere
506 1888 546 1935 ac
570 1861 712 1965 nomine
728 1884 950 1952 coronarum,
966 1886 1065 1961 quas,
1077 1862 1251 1939 distinctas
1263 1862 1342 1939 Solis
1353 1886 1379 1933 ac

252 1985 365 2056 Lunae
381 1980 603 2078 siderumque
615 1979 741 2079 specie,
757 1978 1030 2075 euploratarias⁵
1055 1982 1216 2079 appellat.

304 2206 365 2272 26.
390 2200 437 2270 Iu
453 2196 507 2270 his
522 2195 674 2271 victoriae
692 2190 824 2270 mimis⁶
849 2215 975 2292 praeter
996 2198 1142 2271 modum
1168 2198 1380 2297 intemperans,

252 2338 299 2391 ne
325 2315 401 2389 riso
425 2314 568 2413 quidem
596 2314 708 2403 hoste,
738 2316 928 2411 Imperator
957 2316 1238 2391 consalutatur2⁷
1263 2332 1295 2389 et
1309 2308 1381 2411 quasi

296 2744 307 2772 ¹
342 2745 511 2831 Translatus
544 2755 597 2807 ert.
638 2749 803 2824 Suetonius,
854 2753 952 2830 phales
988 2757 1052 2828 past
1079 2749 1150 2810 dunc
1163 2747 1263 2829 sucre,
1288 2753 1381 2819 sistitque

254 2827 313 2887 loc.
324 2829 376 2887 cit.
860 2840 965 2890 cancta
979 2831 1246 2910 maguaiutcraalla,
1255 2825 1382 2904 magndqvt

295 2905 310 2934 ²
337 2909 463 2967 Virtutis
486 2919 644 2984 parentam.
685 2911 806 2970 Germa·
860 2911 1028 2988 differentid.
1070 2913 1190 2980 Quanto
1218 2910 1325 2968 viliores
1349 2921 1382 2960 ct·

254 2990 313 3048 uici
337 2990 434 3067 patris,
454 2989 610 3070 matrisque
630 2994 805 3068 Agrippinae,
862 2993 1038 3071 plommriml
1106 3003 1121 3030 ¹·

253 3072 340 3146 cujus
360 3071 501 3145 ingentem
521 3071 650 3130 animum
670 3075 733 3131 vide
747 3079 807 3131 An·
900 3066 914 3098 ⁶
930 3071 1064 3132 Victoria
1077 3071 1176 3130 inimir.
1219 3067 1285 3130 Und
1297 3061 1384 3124 lr'strit·

253 3151 313 3209 nal.
326 3169 350 3208 1.
362 3147 415 3218 69·
862 3154 920 3211 nali
933 3151 1056 3214 aictarid
1069 3173 1123 3210 non
1137 3161 1292 3220 contentus,
1311 3159 1384 3230 rursu*

297 3225 308 3259 ³
323 3229 473 3308 Occnlique
485 3231 711 3292 transRJtenunr.
733 3235 805 3293 Hoec
861 3236 967 3294 obsides
977 3235 1106 3314 quasdam
1120 3232 1384 3290 abductosen'nrnu

254 3321 354 3388 etseq.
369 3313 486 3372 Sueton.
499 3315 528 3370 in
542 3315 625 3386 Caio,
647 3333 724 3373 xcv.
861 3315 936 3388 ludo,
962 3317 1084 3392 clamque
1107 3314 1272 3390 promissas,
1301 3311 1385 3368 deserta

295 3387 311 3422 ⁴
331 3393 381 3450 Ad
396 3395 500 3452 lumina
513 3415 650 3454 resersus,
691 3396 732 3454 Ut
745 3395 806 3453 lun·
861 3396 972 3472 repent&
987 3395 1113 3453 concivio
1126 3415 1186 3452 cum
1203 3395 1324 3472 equitatu
1335 3391 1384 3444 inse

255 3491 304 3550 gos
327 3473 438 3532 laboras
469 3478 643 3544 muniretur,
678 3475 751 3534 sorte
777 3491 806 3534 ct
862 3485 952 3548 cutus,
981 3476 1069 3536 aelati
1090 3475 1228 3556 profugas
1262 3494 1293 3532 ac
1318 3485 1386 3544 reprc-

255 3552 383 3630 quddam
396 3556 598 3632 triumphantis
610 3558 729 3614 Cassiis
744 3559 807 3615 imi·
863 3557 959 3616 densos
981 3560 1010 3616 iu
1034 3558 1140 3615 catenis
1161 3556 1290 3614 reduxit:
1312 3553 1336 3609 in
1352 3549 1384 3602 lt<

255 3637 376 3692 tatione.
417 3635 466 3694 Sic
490 3637 566 3693 anim
586 3637 684 3696 lulius
710 3639 807 3696 Caesar
863 3639 1059 3715 quoqnenrirno
1079 3635 1300 3714 praetermodum
1313 3635 1385 3718 iretis·-

256 3715 381 3774 ascendit
420 3715 588 3793 Capitolium
622 3719 659 3775 nd
692 3719 806 3790 lumina,
859 3738 972 3795 perans.
1011 3717 1144 3795 nepertia
1162 3717 1237 3776 cond
1252 3719 1386 3772 renuntian-

256 3797 447 3874 quandraginta
457 3797 716 3874 elephantisdeatrd
725 3808 808 3876 atque
861 3807 902 3857 tes
917 3807 1042 3857 coactum
1059 3817 1167 3878 agmen,
1182 3798 1256 3856 sicut
1269 3801 1350 3860 erant,
1361 3788 1386 3844 n·

256 3876 374 3935 sinistri
417 3878 584 3956 lychnuchos
621 3882 808 3956 gratantibus.
863 3881 967 3937 ricatos
988 3879 1025 3938 ad
1042 3879 1260 3938 discumbendum
1280 3873 1385 3933 adlurta·

258 3956 377 4014 Sueton.
390 3957 419 4014 in
433 3959 495 4017 lut.
510 3978 645 4016 xxxvn·
864 3971 909 4017 tus
934 3969 986 4018 cst.
1026 3960 1142 4018 Monuit
1165 3961 1248 4016 etiam
1270 3953 1386 4014 notissima

243 4029 258 4060 '
300 4033 310 4069 ⁵
341 4037 566 4116 Ecplurntarim.
607 4038 683 4096 Pliu.
721 4056 826 4098 xxu..
867 4040 984 4118 Virgilii
999 4058 1098 4100 carsit:
1121 4041 1386 4104 “Duranius-cu·

258 4121 289 4176 ³.
329 4117 439 4177 Corona
452 4121 559 4196 quidem
573 4120 651 4176 nullu
662 4118 727 4196 fuit
740 4139 810 4196 gra-
862 4121 958 4197 disque
971 4143 999 4179 se
1012 4123 1092 4180 rebus
1103 4115 1274 4180 seruarent?
1292 4117 1384 4174 Sustut·

257 4197 349 4255 minati
361 4201 490 4268 nobilior,
510 4203 539 4256 in
553 4203 699 4275 nrajcstate
712 4200 809 4275 pupuli
865 4201 893 4258 iu
908 4203 989 4270 Caio,
1010 4219 1085 4261 er.
1362 4267 1365 4275 ¹

257 4287 400 4338 terrarum
409 4273 809 4357 principis,praerniisqaegla-
905 4279 916 4313 ¹
939 4283 1310 4360 [nuper-atorcansalnlnlur.
1337 4272 1385 4332 nu,

257 4359 319 4416 ria.
361 4359 512 4418 Gemmatae
522 4368 549 4417 et
563 4379 663 4429 aurea,
676 4359 809 4432 uallares,
866 4381 935 4422 nin.
951 4385 978 4440 p.
992 4361 1059 4432 6⁵7.

259 4441 390 4512 murales,
415 4449 558 4512 rostrata,
581 4441 684 4512 sirica,
712 4443 812 4501 trium-
