2859 4950
509 344 515 355 =
575 310 610 367 o.
632 308 832 369 conuenit
852 308 990 369 meni
1388 317 1390 389 i

1390 401 1391 445 i

201 310 242 375 ιδ

201 468 323 567 paret.¹
374 463 501 539 Cetera
516 462 645 537 domes
661 462 772 537 officia
784 486 880 565 uxor
895 488 936 537 ac
953 460 1074 535 boeti*
1099 480 1352 560 exsequuntur.

202 584 396 656 verberare
422 603 562 652 servum
587 603 627 651 ac
653 578 798 652 vinculis
826 596 860 651 et
888 602 993 675 opere
1022 600 1201 667 coercere,
1226 598 1354 650 rarum.
1392 653 1394 693 ,

202 697 376 773 Occidere
399 694 524 784 soient,
547 717 619 766 non
635 692 814 791 disciplint
830 709 864 767 et
880 693 1069 783 severitate,
1093 694 1157 767 sed
1174 693 1307 789 impetu
1322 712 1356 766 et
1393 698 1395 773 i

200 813 268 904 tra,
301 831 340 887 ut
371 811 562 899 inimicum,
599 809 663 884 nisi
696 810 796 909 quod
827 808 994 908 impune.3
1056 808 1253 883 Libertini⁴
1286 834 1355 883 non
1393 826 1396 849 ¹

139 929 166 973 'v
201 923 353 1003 miiitum
380 952 485 1026 supra
516 950 635 1000 servos
665 942 760 1016 sunt,
784 926 866 1000 rarb
898 925 1038 1025 aliquod
1066 942 1291 999 momentum
1313 922 1355 997 iit
1397 997 1398 1015 ,

203 1048 323 1135 domo,
339 1032 531 1141 numquam
546 1039 745 1132 incivitate,
761 1041 913 1141 exceptis
928 1043 1108 1115 dumtaxat
1122 1041 1165 1115 iis
1181 1041 1354 1141 gentibue,
1398 1128 1399 1131 Ἴ

203 1161 509 1261 quaeregnantur.‘
533 1155 734 1231 lbienimet
749 1184 854 1256 super
864 1158 1033 1258 ingenuos
1042 1175 1077 1233 et
1088 1183 1196 1257 super
1205 1150 1355 1233 nobiles⁶

21 1439 29 1465 t
140 1436 145 1448 ·
247 1402 525 1479 'Hactenurparet
564 1402 648 1461 Licet
656 1420 754 1461 servus
808 1410 866 1475 tur,
900 1410 929 1460 et
968 1402 1218 1479 nuncupabantur
1250 1400 1353 1459 liberti.

207 1486 285 1563 apud
310 1484 468 1542 Germanos
487 1502 569 1541 suam
590 1485 684 1541 sedem
704 1483 754 1541 ba·
809 1484 889 1543 Ordo
916 1481 1031 1541 illorum
1057 1483 1221 1553 bominum,
1247 1481 1353 1539 liberti·

207 1566 284 1634 beat,
303 1583 368 1621 suos
381 1575 497 1640 penates
511 1575 596 1641 regat,
618 1578 698 1642 paret
713 1580 755 1623 ta·

194 1664 275 1703 ,men
289 1644 474 1715 domino,nec
483 1645 570 1702 babet
580 1644 753 1703 libertatem:

208 1726 350 1785 hactenus
368 1744 463 1782 servus
483 1736 536 1781 est.
573 1724 658 1782 Tales
677 1726 756 1783 t'uere

210 1808 290 1883 apud
321 1825 372 1863 nos
399 1818 465 1862 ante
495 1814 621 1880 quatuor
648 1806 755 1877 secula,

210 1906 284 1963 quoe
312 1905 414 1955 servos,
446 1885 546 1956 elevet,
580 1885 755 1943 dicebamus.

139 2035 142 2042 4
211 1965 315 2026 Postea
328 1966 476 2037 Germani,
486 1965 629 2023 Romanos
642 1966 757 2039 imitati,

148 2044 157 2055 '
211 2066 305 2106 servos
326 2046 462 2116 habuere,
490 2045 635 2103 deterioris
658 2048 758 2105 condi-

208 2128 316 2196 tionis3
337 2138 407 2185 tunc
426 2145 510 2205 penes
521 2144 568 2183 eos
580 2128 684 2185 mansit
701 2146 759 2184 ser·

210 2227 312 2266 vorum
327 2226 438 2265 nornen.
476 2206 553 2264 Servi
569 2207 645 2277 verb,
667 2219 701 2265 ut
716 2208 757 2265 ita

211 2288 320 2360 dicam,
330 2287 512 2358 coioni,dicti
521 2298 588 2344 sunt
596 2287 671 2345 Lidi.
689 2288 756 2347 Hoc

212 2388 358 2427 servorum
376 2368 528 2427 discrimen
544 2378 624 2443 potet
634 2388 670 2425 ex
684 2368 756 2445 Lege

212 2448 319 2522 satiet,
327 2450 386 2508 Tit.
396 2468 477 2507 xxx.
488 2460 517 2506 et
523 2468 559 2506 er
570 2448 644 2526 Lege
655 2449 677 2506 1³
678 2449 757 2516 risio-

210 2549 293 2600 num,
311 2532 370 2589 Tit.
383 2550 438 2589 xv.

253 2607 269 2636 ²
289 2611 370 2668 Uxor
391 2631 425 2669 oc
445 2611 536 2671 liberi.
564 2613 611 2670 Ac
636 2611 756 2687 proinde

211 2711 269 2751 non
295 2691 460 2769 indigebunt
488 2709 632 2750 servorum
658 2691 756 2750 minis-

212 2773 300 2832 teriis.

252 2848 412 2929 ³lmpund.
441 2853 508 2911 Non
528 2853 647 2930 impnnb
660 2851 755 2910 inimi-

211 2952 281 2994 cum
302 2934 481 3003 occidebant,
499 2933 641 3010 siquidem
660 2933 755 2991 bomi-

211 3015 322 3073 eidium
335 3031 454 3071 numero
466 3031 604 3091 pecorum
616 3014 753 3072 tueretur.

211 3095 305 3152 Suum
328 3093 394 3152 verd
413 3114 526 3153 serrum
547 3094 680 3154 occidere
701 3094 754 3152 im·

808 1584 911 1621 norum
931 1565 1089 1633 dicebatur,
1108 1582 1166 1620 non
1188 1562 1257 1620 verb
1271 1562 1352 1617 iiber-

808 1656 912 1713 totum,
935 1654 968 1703 ut
986 1645 1063 1702 rectb
1083 1645 1217 1701 observat
1240 1643 1288 1701 Cl.
1305 1644 1354 1699 Er-

808 1740 914 1783 nestun
954 1725 1029 1783 Cdm
1062 1724 1185 1783 invaluit
1221 1724 1353 1801 pecunia

811 1826 887 1875 usus,
903 1804 974 1863 servi
995 1805 1286 1874 manumittebantur,
1303 1823 1354 1861 ex·

809 1905 893 1943 curso
905 1906 942 1944 ex
953 1904 1051 1943 eorum
1063 1904 1151 1943 manu
1165 1905 1266 1944 coram
1282 1904 1353 1962 rege,

809 1966 853 2023 vei
866 1967 991 2036 civitate,
1003 1966 1129 2025 denario.
1164 1968 1251 2024 Unde
1264 1965 1353 2023 bomi-

810 2065 858 2103 nes
881 2048 924 2104 isti
947 2046 1089 2105 denotati
1115 2047 1255 2124 appellati
1278 2060 1352 2105 sunt.

810 2128 898 2204 Apud
917 2128 1075 2187 Germanos
1086 2144 1144 2185 non
1160 2128 1291 2187 multum
1309 2146 1354 2185 su·

811 2226 862 2284 pm
874 2226 966 2267 servos
980 2218 1076 2266 erant:
1097 2218 1126 2265 et
1144 2209 1165 2264 si
1182 2208 1245 2267 eine
1258 2208 1352 2265 tiberis

810 2306 885 2346 mors
899 2289 938 2347 eis
951 2288 1117 2355 obvenisset,
1129 2308 1232 2347 eorum
1246 2288 1354 2347 heredi·

811 2380 852 2427 tus
866 2369 902 2427 ad
918 2370 1018 2427 fiscum
1032 2369 1203 2447 pertinebat,
1218 2382 1253 2428 ut
1270 2370 1353 2427 docet

812 2448 874 2508 Lex
891 2448 1107 2528 Ripuariorum,
1127 2449 1186 2510 Tit.
1201 2469 1284 2510 nvn.
1301 2451 1351 2527 teg.

810 2537 839 2588 t.
870 2530 905 2590 Si
915 2538 1007 2590 mrtem
1021 2531 1098 2588 dorne
1115 2533 1283 2610 dannatur
1294 2533 1353 2589 abr·

810 2629 862 2686 que
885 2611 979 2670 liberie
1000 2611 1167 2683 diremerit,
1187 2631 1244 2672 non
1267 2614 1353 2672 alium

809 2689 864 2748 nisi
872 2693 979 2768 fiscum
992 2701 1116 2750 nocem
1128 2693 1255 2754 heredem
1269 2694 1353 2753 retin-

810 2783 888 2847 quat.
990 2813 996 2824 ·

849 2849 860 2883 ⁵
883 2851 953 2920 Quo
971 2863 1136 2930 regnantem.
1169 2855 1259 2932 Apud
1282 2855 1353 2912 Ger-

808 2950 957 2992 manorum
966 2945 1068 3012 gentes,
1077 2953 1142 3012 quae
1150 2939 1353 3012 regnabantur,

807 3012 884 3071 vitiis
908 3033 1005 3090 regum
1032 3017 1226 3074 abutebantur
1247 3015 1352 3083 liberti,

808 3105 842 3152 ut
852 3093 906 3152 sibi
920 3093 1076 3172 potentium
1088 3106 1239 3155 struerent.
1281 3094 1350 3166 Qua

102 3181 107 3193 “
211 3175 289 3252 pune
307 3187 378 3232 emt.
419 3175 474 3233 sed
499 3174 604 3253 siquis
624 3174 752 3234 ebenum
807 3175 925 3246 struent,
943 3194 1028 3254 super
1049 3175 1195 3253 ingenuos,
1215 3190 1245 3236 et
1265 3193 1350 3254 super

210 3273 324 3313 servum
336 3255 490 3328 occideret,
501 3267 571 3314 tunc
585 3256 752 3315 solvendum
808 3256 916 3316 nobiles
924 3257 1122 3316 ascendebant.
1144 3258 1263 3326 Quanto
1275 3257 1350 3314 enirn

209 3347 272 3394 erat
290 3335 362 3394 servi
382 3336 499 3394 domino
515 3334 651 3415 pretium.
682 3337 753 3395 inde
807 3335 946 3396 humilius
956 3336 1012 3395 tuit
1024 3337 1079 3396 boc
1092 3337 1241 3398 bominum
1253 3355 1348 3416 genus,

210 3418 241 3475 in
255 3417 329 3493 Iege
341 3415 449 3487 salica,
460 3418 519 3476 Tit.
533 3433 580 3474 xt.
594 3415 647 3493 leg.
661 3423 690 3475 2.
718 3417 757 3476 st
808 3425 887 3474 tauto
899 3428 941 3477 est
952 3419 1111 3496 superbius.
1137 3419 1287 3488 Eandem,
1299 3426 1351 3475 aut

211 3499 274 3575 quie
285 3497 403 3555 alienum
415 3517 525 3556 servum
526 3497 688 3576 jnraverit,
701 3506 753 3556 aut
807 3497 913 3574 potius,
932 3500 969 3557 ob
983 3499 1094 3577 imperii
1115 3500 1349 3576 magnitudinem,

205 3577 356 3648 'ecciderin
375 3584 426 3635 aut
445 3578 584 3646 penderit,
604 3587 655 3637 eut
674 3579 753 3656 inge-
807 3578 972 3638 immensam
999 3580 1168 3638 libertorum
1202 3580 1348 3638 libidinem

210 3678 294 3716 nuum
308 3655 454 3728 dimiserit,
467 3657 639 3736 eteisecrit
651 3660 753 3735 adpro·
806 3657 861 3716 rub
885 3659 1106 3736 Impemtoribus
1127 3661 1262 3730 Claudio,
1293 3661 1350 3718 Ne·

212 3739 314 3809 domm,
329 3755 443 3796 utine.
460 3757 571 3798 riter.
586 3755 752 3811 rnxaet,
808 3757 884 3811 rene,
909 3739 1008 3798 Galba
1036 3741 1166 3798 vidimus.
1220 3743 1296 3799 Vide
1320 3749 1347 3796 et

213 3825 292 3877 1400
314 3819 376 3877 den.
409 3820 457 3896 qui
479 3820 600 3899 socient
624 3820 677 3878 sol.
701 3825 751 3878 ³5.
808 3819 854 3878 Cl.
871 3821 914 3878 de
939 3821 1151 3898 Monttequieu,
1175 3821 1277 3900 Eeprr't
1301 3823 1348 3879 dea·

211 3899 300 3978 Angl.
327 3900 388 3958 eit.
420 3899 568 3978 culpabilis
590 3900 751 3974 Judt'eetnr,
807 3899 889 3971 loir,
902 3921 951 3959 xv.
963 3908 994 3971 9.

172 4029 179 4038 .
209 3981 456 4056 exceptocapitate
476 3988 504 4038 et
522 3978 662 4038 deluturd.
703 3979 752 4040 De
846 3974 1016 4060 ‘Ingentum
1028 3991 1057 4042 et
1068 4003 1152 4062 super
1163 3985 1275 4043 nobiter.
1290 3977 1348 4039 Hic

210 4058 315 4118 oncilld
327 4060 392 4118 verb
402 4061 507 4120 solidos
520 4067 570 4118 30.
590 4060 679 4137 Ange.
692 4063 751 4120 181.
808 4060 936 4122 videmus
948 4075 1073 4142 quatuor
1085 4065 1280 4124 conditionum
1293 4061 1347 4119 dis-

209 4139 351 4219 Capitule,
364 4141 430 4198 verb
443 4142 560 4210 dicitur,
576 4140 691 4216 capeat,
704 4143 751 4202 tte
808 4144 944 4202 crimina:
957 4145 1066 4203 nobiles
1079 4160 1190 4223 nempe,
1201 4148 1346 4224 ingenuos,

205 4221 336 4306 preceps
341 4241 396 4299 any
408 4221 500 4298 thing.
540 4220 752 4294 Delntum,tie
807 4222 1075 4298 libertinot,servos.
1109 4227 1231 4285 Nobiles
1240 4241 1346 4304 genere,

209 4303 453 4380 erpmertfftow.
806 4303 1346 4386 dignitatetuuneributprmcellcbant·

248 4379 265 4414 ⁴
284 4381 433 4441 Libertini.
455 4381 543 4454 Servi,
555 4384 579 4442 si
596 4383 751 4443 manumit·
810 4386 928 4462 ingenui
954 4387 1060 4465 origine
1086 4388 1231 4468 stirpeqne
1257 4383 1348 4450 liberi,

207 4469 344 4538 teruntur,
369 4462 531 4526 libertatem
553 4439 779 4546 adipiscebnn·i
807 4477 894 4545 atque
918 4467 1013 4540 etiam,
1040 4468 1108 4530 cum
1135 4468 1232 4548 postet
1256 4466 1347 4540 exige·
