2859 4950
220 305 281 365 AD
302 302 379 366 mu.
399 300 458 365 Du
478 299 664 365 Mortuus
685 302 1003 368 GERMANORUM.
1128 300 1188 376 569

33 480 228 545 paganorum
251 473 391 546 ternpore
412 464 625 541 observabant,
647 458 793 547 deinceps
813 480 968 547 nunquam
984 456 1095 538 valeat,
1117 456 1189 543 quia

33 592 90 653 per
110 569 215 655 ipsam
234 571 347 636 cecidit
368 572 536 637 multorum
558 571 726 658 potestas.”
754 568 891 667 *Melius
904 568 979 655 ergo
993 566 1012 633 d
1027 568 1188 635 Cauaden·

33 679 118 745 sibus
138 682 310 765 provisum,
324 706 418 768 penes
440 707 518 769 quos
530 706 593 748 uon
606 682 806 749 interfectoris
821 683 942 777 domus,
955 682 1008 745 sed
1022 680 1087 765 ipse
1100 679 1187 746 vicus

33 792 193 856 satisfacit.
235 792 329 858 Tunc
345 795 426 860 enim
441 795 526 860 nullis
540 794 652 880 ingruit
663 795 764 877 ruina3
779 816 832 860 reo
847 806 949 858 autem
965 792 1035 878 plus
1049 791 1186 877 pudoris.

32 900 113 966 Vide
145 901 187 966 P.
207 905 246 967 de
275 904 470 988 Charlevoix,
504 915 527 946 “
540 906 670 972 Journal
700 906 867 991 historique
894 906 966 969 d'un
998 925 1112 988 voyage
1146 904 1185 969 de

30 1012 257 1101 l'Ameriquel’
282 1016 388 1082 Lettre
405 1039 516 1082 xvtrr.
531 1043 563 1103 p.
578 1027 653 1088 274.
694 1018 775 1089 Quae
790 1019 891 1081 forent
912 1016 996 1101 apud
1010 1014 1186 1081 Germanos

30 1124 272 1192 homicidiorum
281 1129 379 1213 pretia
385 1130 454 1215 jam
465 1128 593 1193 vidimus
607 1152 699 1214 snpra
708 1152 741 1214 p.
751 1136 826 1199 557.
849 1127 928 1191 Vide
939 1138 971 1192 et
981 1126 1058 1191 infra
1069 1148 1101 1211 p.
1109 1132 1185 1197 572.

75 1236 245 1323 Hospitiia.
289 1239 385 1325 Apud
398 1263 466 1322 nos,
480 1240 609 1306 invicem
632 1264 688 1327 per
701 1238 888 1304 commercia
902 1238 1041 1315 innexos,
1062 1234 1187 1319 languet

30 1350 237 1435 hospitalitas,
274 1353 354 1437 viget
382 1355 465 1438 apud
496 1356 645 1418 barbaros
681 1349 846 1415 latrociniis
886 1351 1024 1413 infames.
1077 1346 1185 1435 Hujus

31 1461 216 1527 discriminis
230 1486 321 1529 causa
339 1463 371 1528 iu
389 1478 507 1549 aperto.
553 1463 678 1528 Scilicet
698 1461 884 1541 commercia
908 1460 1042 1547 populos
1055 1460 1184 1547 conjun-

31 1585 126 1654 gunt3
149 1572 288 1659 privatos
315 1574 462 1655 dividunt,
491 1598 585 1662 penes
611 1598 690 1661 quos
716 1572 974 1641 commerciorum
999 1595 1057 1637 usu
1081 1572 1186 1637 omnia

31 1682 108 1749 fiunt
136 1683 267 1751 venalia.
313 1687 357 1751 Et
381 1701 495 1773 quanto
521 1685 619 1771 magis
645 1681 727 1772 apud
754 1700 876 1770 gentem
905 1682 1038 1771 aliquam
1067 1686 1184 1753 ferrent
1319 1716 1324 1723 ·

33 1796 231 1876 commercia,
246 1809 333 1863 tanto
348 1798 446 1883 magis
459 1801 500 1864 ab
513 1796 721 1884 hospitalitate
734 1797 887 1861 abhorret.
932 1795 1050 1860 Contra
1064 1794 1185 1861 barbari

33 1909 221 1972 commercia
241 1932 303 1973 nou
317 1912 446 1975 ubruut:
468 1908 629 1974 latrocinia
643 1922 798 1988 exercent,
817 1908 889 1972 cunr
905 1906 1056 1992 indigent:
1079 1906 1185 1993 hospi-

34 2017 108 2083 tales
123 2035 207 2100 sunt,
231 2021 314 2107 qudd
335 2021 367 2086 in
387 2022 466 2085 banc
485 2020 700 2085 liberalitatem
724 2040 831 2084 nature
844 2021 1027 2105 propendet,
1050 2019 1185 2107 ipsisque

32 2131 165 2213 expedit.
213 2132 294 2197 Haec
319 2131 460 2217 pluribus
483 2131 638 2217 ingeniose
663 2130 796 2215 explicat
825 2128 876 2195 Cl.
890 2132 929 2195 de
952 2130 1185 2218 Montesquietr,

33 2244 54 2277 “
68 2240 176 2326 Esprit
189 2245 247 2308 des
262 2243 374 2325 loix?
391 2266 456 2309 xx.
470 2253 502 2309 2.

74 2352 188 2439 Epulis
213 2356 335 2442 excepit.
379 2353 428 2419 Ita
443 2354 534 2441 vulgd
549 2354 653 2420 MSS.
667 2366 699 2421 et
717 2353 885 2427 libriediti.
929 2354 968 2421 In
988 2354 1066 2421 MS.
1079 2356 1183 2425 Vatic.

32 2466 124 2536 2964.
139 2466 263 2554 recepit.
739 2468 746 2484 '
1018 2501 1019 2508 ¹

76 2575 154 2644 Celm
176 2576 324 2674 deficere.
368 2579 423 2644 Sic
445 2587 561 2645 veteres
582 2592 614 2645 et
635 2579 820 2654 recentiores
844 2579 1002 2646 editiones.
1047 2581 1183 2668 Lipsius,

30 2684 181 2772 dffecerit.
282 2751 286 2774 ‚

75 2797 112 2864 Si
132 2800 215 2888 quid
230 2803 413 2888 poposcerit.
458 2802 548 2868 Bend
569 2803 673 2870 MSS.
694 2799 847 2868 Arundel.
869 2801 972 2869 Vatic.
990 2807 1185 2881 struente

34 2922 63 2974 et
80 2920 176 2988 4498.
197 2927 233 2978 et
254 2926 371 2980 veteres
393 2939 430 2980 ac
453 2914 636 2998 recentiores
657 2915 817 2980 editiones.
860 2914 1029 2982 Rhenanus
1043 2921 1185 2988 emenda·

35 3037 123 3105 verat,
132 3026 321 3114 poposceris.
364 3024 403 3090 In
419 3026 496 3093 MS.
509 3027 610 3093 Vatic.
629 3029 721 3094 1862.
732 3039 947 3116 poposcerunt.
996 3015 1003 3048 ¹

78 3244 170 3312 Car.
191 3254 246 3312 22.
279 3243 386 3312 Vietru
411 3247 494 3312 inter
519 3247 650 3335 hospites
676 3249 779 3314 comis.
823 3247 905 3315 Haec
930 3252 1057 3318 omnino
1082 3255 1185 3340 spuria

38 3369 137 3421 censet
148 3356 202 3424 Cl.
217 3359 256 3422 de
269 3356 300 3422 la
314 3357 470 3443 Blaterier
493 3359 624 3447 ideoque
637 3383 675 3426 ea
688 3360 721 3424 iu
735 3361 792 3426 sud
806 3359 1057 3448 interpretatione
1070 3367 1183 3436 omisit.

38 3459 124 3530 Nihil
150 3482 253 3534 tamen
276 3469 461 3535 mutaverim
486 3469 625 3536 intanto
651 3470 802 3537 librorum
825 3495 994 3556 cousensu3
1021 3500 1121 3567 neque
1146 3503 1185 3547 ea

32 3575 147 3644 absona
160 3580 352 3646 crediderim.
893 3663 905 3674 ,

81 3686 171 3756 Inter
198 3690 380 3756 vinolentos.
432 3691 523 3758 Male
552 3705 649 3760 tentat
675 3693 852 3778 Rhenanus,
885 3697 1041 3766 uiolentos.
1095 3701 1187 3771 Licet

38 3793 233 3866 ulterioribus
249 3801 415 3868 Germania
426 3802 531 3869 vinum
543 3827 606 3870 aon
619 3805 724 3887 luerit,
737 3805 815 3874 alius
827 3822 894 3875 erat
906 3823 1009 3895 potus,
1019 3812 1074 3900 qui
1086 3815 1186 3880 ebrie·

38 3913 130 3973 tatem
143 3914 269 3979 faceret.

82 4017 145 4084 Sed
157 4033 188 4088 et
201 4023 240 4090 de
253 4023 499 4093 reconciliandis.
522 4027 611 4094 Beni
621 4027 726 4096 MSS.
737 4029 838 4097 Vatic.
846 4030 957 4099 anic.
967 4009 998 4099 et
1009 4033 1186 4106 Rhenanus.

40 4122 77 4192 ln
92 4127 170 4197 MS.
182 4133 333 4202 Arundel.
348 4149 381 4202 et
392 4137 548 4205 veteribus
561 4139 757 4224 editionibus,
770 4143 824 4208 aed
834 4111 872 4209 de
888 4145 1101 4214 reconciliatis.

85 4237 230 4328 Licentid
234 4245 316 4335 joci.
360 4247 448 4313 Bene
464 4249 567 4318 MSS.
582 4251 684 4321 Vntic.
705 4252 854 4322 editiones
868 4269 985 4324 veteres
1006 4270 1037 4325 et
1059 4261 1189 4330 receuti·

43 4367 120 4416 ores.
163 4353 254 4424 Male
268 4357 403 4444 lipsius,
417 4359 487 4427 Ioci.
714 4363 723 4384 ⁸
