2859 4950
239 253 301 320 roo
593 241 1026 316 ‘o-conunuurnctrt

243 439 248 456 ¹
284 427 346 489 40.
371 413 453 490 Jnru
470 407 556 486 verb
572 411 759 486 conciones
783 409 941 502 assiduae,
965 428 1002 486 et
1022 412 1142 486 datum
1152 416 1214 513 jus
1229 412 1376 512 potentis-

231 533 361 610 simum
390 553 565 629 quemque
593 529 756 618 vexandi,
780 544 883 625 atque
898 527 972 624 ipsa
985 527 1242 603 inimicitiarum
1267 529 1375 628 gloria,

233 651 321 725 etim
341 673 378 720 se
400 642 540 742 plurimi
565 641 787 732 disertorum,
812 667 857 716 ue
874 643 951 718 ΞΡ.
969 643 1123 742 quidem?
1132 644 1308 743 Scipione,
1329 665 1378 718 aut

233 761 347 853 Sulli,
384 776 443 834 aut
476 762 545 840 Cn.
574 759 743 857 Pompeio
775 758 995 850 abstinerent,
1031 779 1065 834 et
1096 765 1140 836 ad
1172 763 1380 836 incessendos

232 881 404 982 principes
431 873 536 966 vitoe,
562 891 600 949 ut
616 893 667 948 est
682 893 806 950 natura
828 877 978 970 inridiae,
1003 878 1123 976 populi
1139 878 1245 970 etiam
1261 877 1380 952 histrio-

233 1021 296 1072 nes
322 993 485 1069 auribus'
512 1005 705 1082 uterentur,
736 1009 905 1089 quantum
931 995 1093 1068 ardorem
1117 994 1280 1095 ingeniis,
1308 1021 1379 1093 quas

233 1111 429 1189 oratoribus
454 1103 547 1181 faces
573 1108 823 1182 admovebant!
872 1109 959 1182 Non
974 1110 1019 1184 de
1035 1109 1143 1184 otiosi
1160 1129 1197 1183 et
1213 1111 1326 1209 quieti
1350 1137 1380 1183 re

233 1223 425 1324 loquimur,
450 1237 485 1294 et
513 1245 593 1318 quae
622 1219 791 1316 probitate
808 1237 842 1295 et
858 1223 1026 1295 modestia
1054 1225 1227 1324 gaudeat:
1254 1224 1313 1298 sed
1339 1242 1381 1295 est

235 1365 363 1441 magna
390 1337 448 1410 illa
463 1353 498 1411 et
514 1336 672 1411 notabilis
701 1328 909 1434 eloquentia,
933 1339 1074 1412 alumna
1101 1339 1265 1432 licentiae,
1290 1363 1381 1438 quam

235 1456 330 1534 stulti
346 1454 538 1552 libertatem
550 1456 733 1541 vocabant,
745 1479 862 1526 comes
874 1453 1094 1547 seditionum,
1107 1456 1277 1530 effraenati
1287 1481 1382 1552 popu-

235 1574 260 1648 li
283 1573 556 1658 incitamentum,
581 1569 653 1642 sine
682 1569 862 1667 obsequio,
886 1569 960 1644 sine
987 1571 1163 1662 servitute,
1189 1589 1382 1659 contumax,

231 1688 427 1776 temeraria,
451 1709 629 1785 arrogans,
654 1713 734 1785 quae
750 1686 787 1759 in
801 1686 890 1764 bene
908 1688 1099 1763 constitutis
1114 1689 1308 1764 civitatibus
1323 1713 1382 1759 non

235 1801 357 1882 oritur.
423 1805 542 1898 Quem
576 1801 669 1876 enim
710 1818 884 1876 oratorem
924 1805 1247 1896 Lacedaemonium,
1290 1829 1382 1904 quem

237 1925 443 1998 Cretensem
458 1915 678 2014 accepimus?
703 1942 852 2016 quarum
868 1919 1043 1993 civitatum
1059 1922 1275 1995 severissima
1300 1919 1384 1994 disci·

200 2105 204 2114 .
236 2038 342 2138 plina,
378 2053 412 2108 et
444 2033 665 2108 severissimae
699 2033 795 2132 leges
826 2037 1034 2113 traduntur..
1070 2038 1128 2111 Ne
1154 2039 1383 2113 Macedonum

209 2193 214 2204 κ
238 2153 394 2265 quidem,
418 2176 459 2224 ac
475 2151 673 2238 Persarum,
697 2165 758 2221 aut
774 2149 877 2223 ullius
892 2152 1017 2250 geun's,
1041 2179 1121 2252 quae
1136 2171 1235 2228 certo
1252 2152 1382 2251 imperio

231 2271 406 2371 contenta
432 2266 549 2356 fuerit,
587 2265 820 2366 eloquentiam
852 2268 1022 2342 novimus.
1076 2269 1209 2344 Rhodii
1243 2271 1383 2369 quidam,

237 2384 379 2487 plurimi
395 2383 625 2458 Athenienses
648 2399 803 2456 oratores
824 2384 1024 2477 extiterunt,
1048 2387 1142 2484 apud
1164 2412 1257 2485 quos
1282 2383 1384 2459 omnia

236 2502 401 2603 populus,
436 2500 553 2575 omnia
584 2498 745 2598 imperiti,
783 2502 911 2593 omnia,
940 2520 979 2576 ut
1007 2504 1054 2577 sic
1082 2504 1247 2595 dixerim
1277 2526 1383 2577 omnes

237 2636 408 2720 poterant.
458 2618 589 2690 Nostra
614 2642 755 2715 quoque
784 2618 914 2708 civitas,
939 2620 1050 2693 donec
1068 2620 1207 2709 erravit,
1233 2621 1341 2692 donec
1355 2640 1383 2687 se

235 2737 404 2835 partibuS,
438 2749 473 2805 et
502 2731 780 2823 dissensionibus,
814 2750 850 2805 et
878 2734 1057 2807 discordiis
1085 2734 1250 2826 confecit,
1284 2737 1381 2806 donec

237 2852 337 2926 nulla
362 2849 427 2923 fuit
443 2849 480 2921 in
495 2846 574 2921 loro
598 2872 682 2947 pax,
707 2849 804 2922 nulla
819 2848 856 2922 in
871 2868 991 2926 senatu
1016 2852 1214 2942 concordia,
1240 2852 1333 2924 nulla
1353 2848 1382 2917 in

232 2966 369 3070 judiciis
407 2965 610 3055 moderatio,
651 2966 748 3041 nulla
780 2967 998 3065 superiorum
1030 2968 1236 3057 reverentia,
1278 2965 1382 3039 nullus

235 3084 498 3184 magistratuum
520 3085 658 3182 modus,
683 3082 762 3186 tulit
777 3084 851 3156 sine
867 3083 974 3157 dubio
989 3083 1216 3156 valentiorem
1232 3083 1381 3179 eloquen-

236 3200 332 3289 tiam,
358 3199 456 3274 sicuti
481 3198 668 3273 indomitus
685 3225 768 3299 ager
784 3199 888 3273 habet
910 3202 1077 3298 quasdam
1093 3200 1218 3272 herbas
1237 3198 1380 3273 laetiores

237 3317 309 3393 Sed
337 3341 403 3389 nec
428 3314 513 3389 tanti
541 3316 739 3413 reipublicae
758 3318 1003 3396 Gracchorum
1030 3314 1226 3413 eloquentia
1254 3314 1329 3400 fuit,
1353 3324 1380 3379 ut

238 3448 414 3529 pateretur
430 3448 464 3507 et
480 3432 575 3531 leges
587 3438 623 3506 :²
646 3457 710 3509 nec
727 3436 830 3509 bonae
842 3438 859 3517 ³„
879 3432 1030 3508 formam
1046 3431 1254 3531 eloquentiae
1271 3430 1380 3507 Cicero

240 3546 615 3646 taliexitu⁴pensavit
1074 3536 1081 3553 ’

283 3876 293 3903 ¹
324 3878 489 3939 Histrionee
517 3882 640 3943 auribus.
682 3884 793 3943 Melids
886 3880 983 3943 ³Nec
998 3886 1083 3943 bona.
1126 3882 1244 3954 Metios,
1257 3870 1375 3941 scaleni.

242 3960 320 4030 sane,
340 3962 454 4019 camdus
468 3961 626 4022 histriones.
846 3966 923 4023 Vide
937 3978 996 4023 not.
1008 3979 1037 4023 ct
1050 3966 1160 4023 emend.
1174 3964 1211 4020 ad
1226 3983 1288 4040 cap.
1302 3965 1344 4015 40.
1362 4031 1374 4040 ..

283 4038 299 4067 ²
317 4040 511 4101 Putereturet
525 4046 609 4121 leges.
650 4044 718 4101 Non
730 4054 793 4103 tan·
885 4047 900 4078 ⁴
921 4046 987 4103 Tuli
1012 4046 1097 4104 exitu.
1138 4044 1250 4103 Scelere
1275 4048 1374 4101 ,lutat-¹¹

243 4122 265 4181 ti
292 4121 348 4179 fuit
372 4123 539 4200 reipublicae
555 4126 662 4182 'liberii
681 4136 710 4183 et
727 4126 792 4185 Caii
845 4140 1000 4204 peremtus.
1042 4125 1275 4185 Vidol‘elleium
1296 4124 1375 4180 Putet·

245 4200 447 4263 Gracchorum
469 4204 643 4282 eloquentia,
664 4218 697 4264 ut
721 4208 794 4266 sodi·
848 4209 958 4280 culum,
982 4224 1019 4267 tt.
1033 4202 1085 4265 66.

243 4284 329 4343 tiosas
343 4304 442 4345 eorum
457 4286 529 4363 leges
542 4298 696 4364 pateretur.
