2859 4950
269 360 275 370 ,
341 309 550 370 DlALOGUS
571 310 627 368 DE
648 306 921 371 onnTonanS.
1147 320 1204 385 159,

33 498 35 504 ¹
113 476 163 538 14.
189 467 268 537 er
305 466 392 539 dum
424 464 556 538 finierat
589 468 783 555 Maternus,
816 468 1003 541 concitatus
1036 486 1070 543 et
1108 475 1203 546 velut

69 584 256 669 instinctus,¹
302 584 390 655 cum
428 582 627 678 Vipstanius
667 584 853 655 Menam
892 584 1092 659 cubiculum
1130 592 1203 685 ejus

67 698 222 796 ingressus
238 716 309 786 est,
324 698 581 794 suspicatusque
605 724 651 769 ex
674 696 749 793 ipsi
771 697 958 771 intentione
974 700 1204 799 singulorum,

65 816 204 885 altiorem
218 814 315 885 inter
327 839 387 886 eos
398 838 472 885 esse
482 836 695 885 sermonem:
722 814 820 883 Num
833 813 958 908 parum
972 817 1205 912 tempestivus,

64 928 170 1025 inquit,
209 928 397 1017 irrtervcini,
430 944 601 1001 secretum
635 926 816 1022 consilium
850 944 884 999 et
917 953 1029 1001 causae
1061 932 1205 1031 alicujus

63 1044 312 1116 meditationem
328 1041 573 1116 tractantibus?
598 1040 760 1129 Minime,
777 1042 931 1132 minime,
948 1044 1057 1142 inquit
1076 1050 1218 1121 Secum·

27 1213 28 1222 .
61 1162 137 1245 dm;
161 1178 273 1256 atque
286 1160 377 1234 adeb
391 1160 515 1233 vellem
532 1158 702 1230 maturius
718 1158 975 1232 intervenisses:
1003 1160 1203 1237 delectisset

25 1259 26 1275 ¹
60 1275 138 1347 enim
159 1288 196 1347 te
213 1293 252 1348 et
269 1277 362 1373 Apri
385 1274 495 1349 nostri
520 1274 790 1348 accuratissimus
813 1298 940 1363 senne,
965 1276 1051 1348 cum
1076 1280 1204 1351 Mater-

60 1414 144 1477 num,
161 1406 201 1462 ut
218 1417 330 1464 omne
346 1390 523 1489 ingenium
539 1414 581 1461 ac
597 1388 750 1462 studium
772 1413 874 1459 suum
901 1391 944 1461 ad
962 1415 1078 1463 causas
1102 1416 1204 1489 agen-

60 1506 109 1575 das
124 1523 362 1595 converteret,
384 1507 585 1579 exhortatus
601 1522 666 1592 est,
682 1520 716 1576 et
733 1504 882 1575 Materni
906 1528 971 1601 pro
996 1507 1204 1581 carminibus
1293 1594 1296 1599 Ι

59 1620 115 1691 suis
131 1621 225 1709 laeta,
246 1640 358 1718 utque
374 1638 491 1718 poetas
507 1616 647 1691 defendi
664 1620 819 1707 decebat,
845 1620 1038 1708 audentior,
1063 1638 1096 1693 et
1123 1649 1204 1720 poe-

61 1754 158 1806 tarum
176 1737 294 1832 quaim
321 1756 500 1808 oratorum
521 1736 662 1808 similior
686 1735 805 1807 oratio.
858 1738 928 1809 Me
956 1736 1056 1823 verb,
1080 1736 1203 1834 inquit,

60 1868 86 1920 et
103 1875 220 1923 sermo
242 1854 319 1949 ipse
335 1851 467 1925 infiniti
483 1852 657 1948 voluptate
682 1850 875 1939 adfecisset,
901 1868 1002 1947 atque
1028 1851 1063 1923 id
1090 1851 1204 1949 ipsum

24 2012 25 2044 l
61 1966 206 2055 delectat,
232 1969 336 2065 qubd
352 1994 414 2040 vos
430 1968 494 2040 viri
515 1968 634 2064 optimi
651 1986 685 2039 et
701 1983 898 2063 temporum
915 1984 1113 2039 nostrorum
1129 1993 1204 2040 ora·

24 2049 25 2117 l
61 2098 151 2168 tores,
189 2106 270 2154 non
303 2081 496 2155 forensibus
534 2084 671 2155 tantirm
704 2081 861 2179 negotiis,
896 2098 929 2152 et
962 2081 1204 2155 declamatorio

24 2158 25 2230 l
60 2197 158 2269 studio
175 2198 320 2297 ingenia
336 2217 448 2271 vestra
463 2199 643 2289 exercetis,
667 2199 728 2271 sed
751 2196 918 2296 ejusmodi
936 2196 1037 2269 etiam
1056 2198 1203 2295 disputa·
1317 2278 1320 2290 ,

62 2310 155 2385 tiones
171 2314 376 2412 adjungitis,
401 2342 480 2414 quac
497 2334 530 2389 et
556 2314 734 2413 ingenium
758 2314 867 2400 alunt,
892 2330 926 2383 et
950 2312 1148 2387 eruditionis
1169 2333 1205 2387 et

61 2424 227 2502 literarum
240 2430 532 2528 jucundissimum
544 2430 847 2515 oblectamentum,
865 2426 1058 2500 enimvobis
1072 2429 1131 2525 qui
1146 2430 1205 2504 illa

63 2543 243 2638 disputatis,
260 2543 434 2636 adfertmt,
451 2563 526 2618 tum
539 2547 640 2618 etiam
659 2545 725 2633 his,
743 2545 786 2615 ad
804 2567 954 2640 quorum
970 2569 1070 2616 aures
1086 2568 1205 2640 perve-

62 2659 172 2732 nerint.
226 2664 348 2758 Itaque
376 2663 517 2734 hercule
546 2685 619 2734 non
646 2661 765 2733 mimis
797 2658 936 2756 probari
963 2659 1062 2732 video
1088 2659 1124 2732 in
1157 2679 1204 2751 te,

63 2773 226 2866 Secunde,
257 2778 356 2876 qubd
385 2778 464 2852 Julii
493 2778 654 2851 Asiatici³
684 2778 789 2850 vitam
823 2775 1077 2872 componendo,
1106 2801 1204 2873 spem

64 2885 251 2965 hominibus
282 2891 391 2966 fecisti
423 2893 576 2989 plurium
608 2891 777 2991 ejusmodi
810 2892 991 2980 librorum,
1025 2891 1132 2988 quim
1168 2892 1205 2964 in

65 3005 183 3098 Apro,⁴
198 3009 300 3105 quod
317 3009 474 3080 nondum
492 3009 512 3082 i
529 3009 739 3084 scholasticis
755 3007 1017 3081 controversiis⁵
1041 3007 1201 3096 recessit3

66 3135 92 3186 et
121 3121 230 3194 otium
259 3149 363 3196 suum
391 3125 521 3196 mavult
549 3149 722 3198 novorum
748 3123 928 3196 rhetorum
957 3147 1067 3209 more,
1096 3123 1202 3218 quim

23 3268 26 3304 t
67 3250 211 3310 veterum
227 3235 434 3327 oratorum‚⁶
450 3263 663 3312 consumere.

22 3538 24 3616 l
103 3540 300 3608 'instinctus
323 3549 475 3607 Poetarum
490 3555 602 3606 estesse
657 3567 730 3624 pres,
757 3544 888 3601 voculam
918 3541 1042 3618 supplet,
1070 3542 1150 3616 qurlm
1172 3543 1201 3600 itt

23 3622 24 3642 ¹
70 3621 212 3702 instinctos,
229 3643 259 3688 et
281 3630 362 3706 quasi
383 3629 478 3687 divino
498 3631 601 3706 spiritu
656 3623 1022 3702 Aprupartlm,quicl‚ltc.
1045 3621 1201 3697 l'ulgutam
1233 3623 1237 3630 ’

74 3705 176 3766 afflatos.
655 3708 826 3782 scripturam
842 3704 942 3761 retinet
955 3704 1000 3760 Cl.
1016 3703 1050 3758 de
1069 3701 1097 3758 ln
1117 3703 1202 3758 blon-

23 3782 24 3838 l
104 3779 445 3864 'Vipstaniusnfcuulu
465 3789 530 3848 Jam
545 3807 602 3846 me·
655 3806 738 3863 noye,
757 3785 804 3842 sed
826 3781 887 3840 haec
902 3784 1009 3840 ironice
1024 3782 1200 3840 dictamine

76 3879 184 3925 moratus
208 3889 297 3946 supra
323 3871 399 3927 llist.
422 3886 473 3926 111.
499 3877 546 3926 10.
573 3881 603 3927 et
656 3867 819 3926 contendit:
842 3866 919 3942 quod
934 3865 1026 3921 verius
1042 3873 1121 3939 puto.

76 3954 165 4005 1Μᾶ.
697 3945 706 3978 ⁵
730 3945 910 4004 Scholasticis·
920 3942 1126 4002 controuersiis.
1142 3941 1202 4000 Ha-

107 4019 117 4053 ³
136 4027 206 4088 Julii
215 4031 347 4088 Asiatici.
369 4029 397 4084 ls
408 4029 477 4085 mibi
490 4028 602 4086 videtur
655 4047 721 4084 rum
734 4027 987 4084 controversiarum
1000 4023 1133 4098 exempla
1152 4021 1202 4078 ha·

77 4112 283 4179 &Asiaticus
294 4108 457 4169 Galliarum
468 4109 539 4177 dux,
550 4110 600 4186 qui
657 4110 755 4165 bernus
782 4107 811 4164 in
834 4107 947 4163 Senecae
971 4115 1000 4162 et
1028 4102 1202 4172 Quintiliani

79 4201 119 4256 pro
128 4185 246 4250 Vindice
257 4190 422 4257 bellavernt;
437 4189 603 4247 utuidimus
656 4186 921 4246 declamationibus.

81 4280 149 4339 lupia
163 4270 236 4330 Hist.
250 4289 286 4328 11.
299 4277 349 4339 94.
696 4261 709 4294 ⁶
735 4267 863 4326 Veterum
873 4271 1025 4354 urniorum.
1042 4265 1201 4356 Equorum

110 4343 123 4374 ⁴
141 4347 226 4416 Quum
238 4351 268 4409 in
281 4353 371 4427 Apro.
395 4349 441 4408 Cl.
456 4347 603 4416 Morabin,
656 4346 736 4405 libris
751 4358 865 4404 manent
876 4363 964 4402 aurea
977 4343 1123 4402 Ciceronis
1137 4345 1203 4402 Plu·

83 4419 194 4490 Gallitus
223 4432 347 4511 hujusce
381 4430 487 4510 dialogi
520 4432 605 4488 inter·
656 4427 803 4506 losopbica
816 4445 902 4503 opem
915 4437 1001 4502 atque
1014 4425 1147 4484 oraturia.
