2859 4950
520 309 745 371 AGRlCOLA.
1129 317 1187 378 117

57 475 75 511 ¹¹
94 466 227 540 derunt:
248 466 401 563 reliquus
419 482 469 538 est
485 467 650 538 numerus
666 465 872 564 ignavorum
888 481 922 538 et
938 468 1182 543 metuentium:

58 590 75 625 “
95 606 174 679 quos
186 582 289 681 qubd
305 583 443 655 tandem
460 582 645 673 invenistis,
658 606 730 653 non
747 582 969 671 restiterunt,¹
986 584 1047 656 sed
1063 585 1184 681 depre-

58 706 75 739 “
94 696 180 769 hensi
213 715 297 769 sunt
326 696 520 769 novissimi:
551 722 605 769 res
635 714 668 769 et
695 714 852 769 extremo
885 702 1004 770 metu¹
1037 708 1189 797 corpora

59 815 239 888 “defixere
265 812 302 884 in
324 813 380 885 his‘
398 812 559 912 vestigiis,
583 814 619 884 in
644 813 770 910 quibus
794 813 975 910 pulchram
997 831 1031 885 et
1055 832 1184 911 specta-

63 930 185 1001 “bilem
203 928 385 1002 victoriam
401 930 555 1003 ederetis.
592 930 785 1029 Transigite
795 953 880 1024 cum
897 928 1183 1027 expeditionibus,

63 1054 78 1087 “
93 1044 247 1143 imponite
265 1044 514 1145 quinquaginta
533 1046 650 1118 annis³
677 1070 845 1147 magnum
857 1044 973 1146 diem,
995 1046 1183 1145 adprobate

59 1167 75 1201 “
93 1160 282 1257 reipublicae
316 1186 507 1258 numquam
541 1160 705 1233 exercitui
738 1160 898 1259 imputari
930 1160 1093 1259 potuisse,
1123 1178 1182 1233 aut

57 1282 74 1316 “
94 1302 196 1349 moras
212 1275 311 1363 belli,
328 1293 386 1348 aut
402 1298 520 1348 causas
537 1274 790 1349 rebellandi.'’⁴

62 1582 65 1590 ,
92 1518 144 1578 35.
166 1508 223 1579 ΕΤ
252 1508 461 1605 adloquente
478 1510 591 1583 adhuc
609 1509 777 1609 Agricoli
802 1508 950 1582 militum
971 1510 1076 1582 ardor
1099 1510 1182 1583 emi·
1195 1582 1208 1629 t

52 1623 152 1708 nebat,
174 1640 204 1695 et
235 1624 346 1695 finem
378 1625 540 1697 orationis
573 1625 694 1723 ingens
725 1626 879 1698 alacritas
908 1642 1091 1697 consecuta
1118 1616 1215 1713 est,-¹

51 1735 209 1833 statimque
239 1740 287 1811 ad
317 1764 412 1811 arma
440 1743 644 1815 discursum.
696 1742 876 1815 instinctos
901 1758 1109 1837 ruentesque
1134 1740 1182 1813 ita

52 1851 220 1947 disposuit,⁵
234 1872 276 1927 ut
290 1855 444 1949 peditum
456 1858 593 1947 auxilia,
608 1886 686 1955 quae
699 1874 778 1931 octo
791 1858 897 1929 millia
909 1875 1019 1946 erant,
1031 1856 1181 1929 mediam

52 1967 142 2040 aciem
165 1972 369 2042 firmarent:
396 1972 550 2067 equitum
579 1973 643 2046 tria
671 1973 789 2063 millia,
811 1967 984 2045 'cornibus
1015 1970 1181 2045 adhmde-

53 2100 172 2155 rentur:
198 2084 356 2183 legiones
383 2110 448 2182 pro
472 2089 562 2160 vallo
586 2086 729 2178 stetere,
754 2089 875 2189 ingens
898 2085 1050 2161 victoria:
1075 2088 1180 2161 decus

84 2315 175 2376 ιΝωι
201 2319 382 2379 restiterunt.
409 2322 450 2381 Ut
477 2324 581 2383 Roma-

52 2412 92 2451 nn
102 2412 305 2478 oppugnarent.

631 2324 754 2383 vexilla:
780 2332 855 2381 retro
882 2321 1004 2398 legiones
1033 2322 1177 2392 Romnum,

630 2418 694 2461 unte
706 2404 813 2471 vallum
826 2404 981 2480 dispositae:
996 2401 1176 2478 inlegionum

85 2475 164 2538 2Ιίιέ
189 2492 217 2539 ct
242 2497 365 2540 extremo
387 2492 470 2544 metu.
503 2486 580 2544 Vide
630 2486 756 2561 vallique
779 2486 925 2555 lunaribus,
947 2485 1081 2566 equitnm
1107 2501 1179 2558 qun·

55 2571 98 2614 not.
110 2573 135 2616 ct
147 2564 258 2618 emend.
270 2564 305 2620 acl
319 2582 383 2638 cap.
397 2570 447 2621 34.

629 2578 694 2621 tuor
712 2567 765 2622 alae
786 2567 823 2621 ad
843 2565 940 2621 subita
963 2563 1030 2621 belli
1052 2571 1177 2620 retentae.

84 2633 93 2666 ³
124 2640 335 2720 Quinquaginta
359 2644 448 2701 onnia.
484 2643 579 2704 Aulus
629 2645 783 2704 Exercitus
794 2644 1178 2717 suiordinesdiduxitAgri-

55 2715 177 2788 Plautius,
190 2743 261 2779 mox
282 2723 502 2800 Claudiusipse,
522 2727 578 2783 lm-

55 2815 155 2870 perator,
165 2803 359 2860 Britannicam
368 2805 576 2880 expeditionem

55 2895 180 2958 suscepere
203 2888 241 2942 Λ.
258 2885 295 2941 U.
308 2887 341 2940 C.
361 2881 429 2950 796.
456 2905 491 2943 ac
514 2907 577 2962 pto-

56 2959 105 3016 inde
117 2963 149 3019 nd
166 2962 241 3021 hunc
259 2968 293 3021 n.
305 2965 339 3020 tt.
349 2965 382 3021 C.
398 2970 465 3022 ⁸38.
479 2985 577 3022 nurne-

55 3051 136 3098 nntur
150 3045 261 3102 tantum
278 3045 343 3100 anni
357 3051 406 3102 42.
439 3043 498 3104 llic
510 3048 576 3123 ergd

58 3121 235 3201 qunquaginta
263 3124 343 3182 annis
371 3125 445 3182 idem
468 3140 517 3199 est,
541 3147 575 3185 nc

51 3197 125 3271 ,linnd
137 3205 336 3281 qninquaginta
349 3207 438 3262 annii.
472 3231 474 3234 ·

85 3277 169 3342 *Aut
192 3305 291 3343 consor
316 3287 476 3344 rebellandi.
511 3288 578 3344 Pro·

59 3356 109 3416 bne
121 3381 206 3422 moras
227 3366 292 3422 belli
307 3387 342 3422 ex
363 3367 490 3424 locorum
506 3367 578 3424 dilli-

60 3439 156 3510 uttan,
169 3463 268 3504 causus
282 3446 435 3503 rebellandi
448 3465 485 3503 ex
500 3447 577 3504 inco·

62 3515 134 3579 larum
148 3525 237 3584 indole
250 3528 334 3584 luisse
349 3528 497 3603 prolectas.

63 3675 67 3684 ι
91 3596 99 3630 ⁸
118 3603 163 3662 Ita
175 3607 317 3684 disposuit.
341 3607 400 3665 llic
412 3607 578 3664 videturfu·

63 3685 245 3762 retentusque
258 3687 401 3745 exercitlls
413 3689 492 3744 ordo.
526 3687 578 3744 Per

63 3761 151 3843 acclive
178 3769 278 3825 montis
312 3768 443 3844 Grampii
472 3767 576 3842 jugum

63 3847 200 3918 insurgebat
228 3847 356 3905 maxima
379 3849 576 3904 Britannorum

65 3933 126 3990 pan:
146 3927 261 4000 primum
275 3947 373 3984 eorum
393 3945 492 4004 agmen
507 3928 579 3983 infra

65 4013 181 4064 montem:
203 4027 299 4066 corum
314 4009 448 4065 contrarii
459 4024 487 4066 et
500 4008 580 4084 eqni-

66 4087 96 4133 1ta
105 4085 185 4142 medin
197 4089 287 4166 cnmpi
300 4087 490 4166 complebant.
523 4089 580 4143 llx-

66 4163 150 4220 rrcitds
161 4182 250 4228 autem
264 4169 385 4228 Romani
400 4169 493 4226 media
504 4169 579 4224 acies

68 4248 191 4306 totsnbat
219 4251 348 4327 peditum
375 4249 501 4317 auxiliis,
526 4265 579 4304 nu-

69 4333 129 4406 ”¹9¹⁰
144 4341 203 4387 octo
215 4329 358 4389 millibus:
379 4331 510 4406 equitnm
525 4329 579 4386 tria

70 4399 141 4484 nullia
159 4411 283 4468 cornibus
303 4412 407 4468 affusa:
429 4421 492 4486 post
504 4427 579 4466 aurc-

72 4473 110 4534 dn
131 4487 250 4564 Agricola
280 4494 374 4550 stabat
407 4491 490 4568 pedes
514 4503 579 4548 ante

628 2726 702 2796 cola,
717 2745 752 2783 ne
765 2727 841 2783 frons
855 2726 927 2782 foret
938 2723 1094 2801 angustior.
1121 2723 1177 2782 Lo-

633 2825 684 2862 cus
698 2817 794 2864 autern
809 2823 911 2882 pugnae
923 2805 978 2863 fuit
987 2806 1017 2862 in
1029 2803 1180 2882 provincial

633 2887 794 2953 Strntltern,
811 2905 897 2962 prope
914 2886 1022 2955 locum,
1036 2885 1087 2960 qui
1100 2903 1178 2942 nunc

633 2967 741 3024 dicitur
757 2967 834 3023 Kirlt
854 2966 890 3044 qs
905 2965 1038 3024 Comeric.
1064 2965 1108 3021 lbi
1123 2985 1178 3024 cx·

634 3059 694 3106 tant
719 3047 815 3104 adhuc
839 3047 897 3103 dno
920 3057 1013 3103 castra
1038 3045 1177 3115 Romana,

633 3149 698 3203 qun
710 3129 828 3185 exhibet
838 3127 967 3186 eruditus
977 3125 1107 3192 Gomon,
1122 3125 1179 3182 Iti-

632 3209 773 3266 nerorinrn
783 3207 1015 3284 Septentrionolc,
1022 3202 1137 3262 Tabula
1148 3224 1177 3261 v.

633 3285 1180 3365 Nequccstquddobjicinntjcastrarlla

634 3371 743 3426 minora
769 3389 837 3437 esse,
863 3368 952 3443 quiun
979 3378 1012 3422 ut
1037 3366 1177 3424 exercitui

634 3449 763 3507 Romano
779 3449 907 3505 sufficere
921 3445 1075 3522 potuerint.
1111 3447 1178 3504 Alia
1237 3472 1241 3479 ²

634 3541 707 3586 retro
725 3543 754 3586 et
778 3530 872 3584 vicino
891 3538 972 3583 erant
991 3539 1093 3596 castra,
1112 3546 1178 3602 quar

633 3623 698 3666 ante
719 3627 844 3686 pugnam
864 3608 1013 3672 obtinebat
1033 3609 1178 3665 Romanus

633 3690 786 3746 exercitus.
828 3688 937 3745 Extant
950 3706 1075 3763 quoque,
1094 3697 1123 3744 et
1144 3706 1178 3744 cn
1256 3694 1268 3708 ⁴

634 3769 751 3825 exhibet
763 3769 808 3826 Cl.
821 3767 940 3825 Gordon
961 3769 991 3824 in
1006 3766 1060 3824 sud
1078 3767 1178 3826 nbula

635 3848 846 3926 Geograpbicri.
888 3848 998 3923 insigne
1010 3857 1106 3904 autent
1121 3847 1180 3906 vic·

635 3930 715 3986 toriae
728 3939 943 3986 monumentum
961 3928 1018 3986 luit
1034 3928 1097 4003 ipsa
1110 3930 1185 3986 urbs-

636 4009 781 4078 Victoria,
798 4027 874 4065 nunc
897 4007 1068 4085 Abernetdy.
1110 4007 1178 4066 Non

635 4091 664 4148 in
690 4089 752 4166 ipso
774 4087 866 4166 praelii
888 4105 1002 4163 campo,
1025 4088 1074 4146 scd
1100 4090 1179 4165 quod

636 4169 817 4227 commodius
837 4178 866 4224 et
885 4169 986 4236 tutius,
1003 4167 1118 4226 condita
1138 4179 1181 4225 est

635 4253 672 4308 ad
694 4251 790 4308 'l'aum
810 4247 988 4316 astuarinm,
1006 4267 1082 4306 nunc
1097 4247 1181 4305 Fr'rtlr

636 4332 672 4409 qs
683 4331 755 4407 Toy,
776 4331 804 4385 in
823 4328 921 4386 elrtlcm
937 4327 1084 4405 provincii
1098 4327 1181 4385 Stra·

637 4412 730 4470 thern.
