2859 4950
339 349 551 438 ntrtosus
574 349 632 411 ur.
651 349 926 415 memoramus.
1094 374 1099 383 »
1149 344 1209 426 rer

102 505 146 584 X.
171 505 350 600 rimor,
366 495 478 607 inquit
497 509 701 598 Maerens,
718 531 777 582 me
791 505 1021 608 irrepentibus
1036 504 1073 582 in
1088 504 1208 588 forum
1308 605 1313 612 .

58 622 136 698 vitiis
153 625 249 700 haud
264 626 484 700 mediocriter
499 623 604 699 fuisse
617 641 846 701 commotum.
885 626 1001 727 Magis
1018 625 1131 705 adhuc
1148 653 1208 705 me

58 739 269 833 offendebam
297 741 396 841 qubd
411 741 448 815 in
465 742 537 816 dies
558 741 782 816 invalesceret
797 739 900 817 ferox
922 744 1048 835 scelus,
1073 744 1206 844 puden·

58 859 133 930 dum
149 859 238 932 crim
255 856 513 950 defenderetur,
539 857 710 947 exitiabile
732 857 760 932 si
781 844 1056 962 impugnaretur.
1105 861 1210 938 Non·

57 971 133 1046 dum
149 993 268 1050 tamen
281 973 302 1048 a
315 972 443 1050 forensi
460 975 574 1050 studio
587 973 730 1050 fuissem
745 992 926 1071 retractus,
938 977 974 1049 ni
990 977 1207 1075 imperiosior

56 1107 168 1165 natura
183 1115 243 1165 me
260 1091 372 1166 Musis
389 1087 590 1166 devovisset.
643 1093 791 1168 Certum
808 1092 901 1167 enim
921 1118 960 1169 ac
977 1093 1207 1170 deliberatum

56 1206 130 1278 mihi
146 1219 234 1296 erat,
252 1208 348 1307 quod
363 1207 400 1280 in
416 1205 495 1282 foro
511 1206 763 1282 nobilissimum
779 1227 814 1284 et
829 1209 1071 1308 incorruptum
1086 1233 1207 1309 super·

56 1339 119 1394 erat
141 1324 256 1422 sequi,
290 1339 448 1398 veterum
476 1338 656 1398 oratorum
687 1325 849 1422 exempla
880 1348 953 1398 non
980 1325 1105 1400 eidem
1134 1327 1206 1400 elo·

56 1439 195 1536 quentia
213 1440 261 1530 vi,
279 1463 384 1539 quam
399 1457 518 1514 nostra
532 1463 605 1516 non
621 1439 739 1514 ferunt
755 1457 926 1538 tempora,
942 1441 1004 1514 sed
1026 1441 1101 1540 pari
1121 1465 1206 1518 con·

55 1555 165 1628 sunsit
182 1556 355 1646 aemulari,
378 1581 444 1654 pro
461 1557 550 1632 virili
566 1571 662 1658 parte
686 1557 857 1631 adversita
881 1557 1095 1632 imminentia
1113 1559 1205 1634 mala
1296 1628 1309 1639 ,

57 1693 104 1744 nre
118 1673 314 1773 accingere,
331 1689 364 1746 et
377 1673 506 1750 civium
521 1672 690 1765 fortunas,
707 1673 924 1774 dignitatem,
936 1673 1085 1749 salutem
1100 1675 1203 1748 tueri.

57 1789 109 1876 At,
132 1806 171 1862 ut
194 1791 305 1866 modb
323 1791 421 1882 dixi:
447 1809 580 1868 naturae
604 1791 674 1867 alib
696 1791 846 1866 trahenti
870 1815 993 1892 parere
1004 1793 1135 1893 jussus,
1158 1787 1205 1868 ad

57 1905 283 2004 tranquilliora
293 1924 327 1981 et
343 1909 516 1983 securiora
529 1909 713 1984 Musarum
730 1924 840 1984 castra
852 1903 1033 2008 transfugi.
1071 1907 1205 1983 Animo

60 2035 162 2097 tamen
177 2023 291 2103 haeret
307 2049 445 2158 semper
461 2024 528 2100 fori
544 2049 645 2101 amor
657 2043 693 2102 et
707 2050 803 2102 cura.

97 2255 157 2331 XI.
184 2259 298 2342 Srsrn
330 2257 445 2352 etiarn,
474 2259 561 2334 citm
591 2258 858 2335 meditabundus
889 2255 1054 2357 solusque
1086 2255 1206 2331 obam-

58 2367 143 2463 bulo,
167 2375 203 2448 in
220 2375 378 2452 forenses
402 2379 564 2452 revolvor
589 2375 826 2479 cogitationes,
848 2397 1058 2473 mecumque
1079 2390 1206 2473 reputo

58 2490 169 2565 veteris
185 2492 393 2592 eloquentiae
411 2518 542 2587 casum,
568 2494 684 2569 diserti
707 2492 815 2568 nostri
836 2490 1006 2565 sermonis
1020 2488 1203 2593 originem,

58 2605 222 2707 utriusque
247 2634 367 2685 causas
391 2628 426 2686 et
452 2612 635 2693 utilitates..
689 2609 787 2707 Quid
820 2606 888 2681 hic
920 2631 1027 2705 super
1051 2630 1091 2679 re
1115 2604 1202 2680 mihi

58 2716 156 2796 visum
171 2727 370 2824 explicabo,
385 2754 457 2802 non
474 2726 730 2804 contradicendi
747 2724 876 2815 studio,
897 2748 1012 2825 neque
1028 2739 1067 2797 ut
1083 2744 1206 2796 sensus

61 2858 144 2913 meos
167 2844 417 2939 persuadeam3
444 2846 505 2919 sed
531 2863 569 2919 ut
593 2846 629 2918 in
646 2842 712 2917 hic
731 2840 958 2941 disputatione
980 2856 1094 2937 partes
1111 2859 1206 2913 meas
1296 2936 1301 2943 Ι

61 2944 221 3049 impleam,
237 2960 432 3059 nostrisque
448 2962 503 3035 vel
521 2959 738 3035 discordibus
753 2956 927 3032 sententiis
946 2957 1057 3056 magis
1073 2956 1205 3029 eluces·

62 3084 105 3139 tat
125 3073 259 3149 veritas.
310 3076 470 3175 Ignoscat
486 3076 600 3177 itaque
617 3080 729 3175 Aper,
756 3073 786 3149 si
802 3073 905 3175 hujus
921 3072 1087 3170 temporis
1108 3070 1206 3170 inge·

63 3180 108 3256 nia
127 3192 298 3289 majorum
324 3190 468 3292 ingeniis
492 3216 563 3267 non
587 3190 791 3280 anteferam,
818 3188 899 3263 licet
921 3206 1039 3261 nostra
1060 3183 1204 3260 minimd

63 3294 251 3397 deprimam.
314 3310 372 3383 Ne
404 3324 603 3384 succenseat
633 3307 796 3397 Messala,
838 3328 945 3405 quem
977 3317 1016 3374 tu
1049 3326 1205 3400 quoque,

65 3410 223 3516 Secunde,
249 3424 440 3500 adsectatus
456 3450 503 3500 es.
554 3424 589 3499 -V
589 3423 647 3497 itia
663 3418 942 3525 queaeritis,
968 3435 1009 3492 ut
1024 3415 1205 3519 integerri-

66 3550 130 3609 mos
145 3540 286 3615 decebat
301 3540 408 3633 viros,
425 3542 632 3643 exagitistis,
649 3566 717 3641 ego
734 3538 861 3636 pariter
876 3535 947 3609 odi.
997 3536 1072 3609 Vos
1088 3553 1205 3611 tamen

66 3645 245 3729 rhetoribus
261 3656 355 3731 haud
372 3658 418 3733 ita
433 3658 585 3735 infensos
601 3658 800 3743 voluissem,
822 3675 896 3726 non
911 3651 1011 3758 qubd
1027 3676 1087 3760 eos
1102 3677 1205 3725 reno·

68 3766 171 3843 vmdae
204 3772 410 3873 eloquentia
446 3774 576 3849 habiles
608 3772 816 3861 existimem,
849 3770 911 3843 sed
944 3768 1043 3867 qubd
1063 3766 1206 3859 ,multos

69 3884 207 3959 noverim
223 3914 363 3963 mamm
380 3890 585 3991 integritate,
610 3886 788 3962 severitate
803 3884 1005 3983 disciplinae,
1027 3884 1206 3957 literarum

72 3992 151 4071 cultu
181 4000 373 4081 formandae
397 4005 569 4107 juventuti
602 4005 810 4080 utilissimos.
872 4003 950 4075 Hos
979 3998 1082 4074 etiam
1114 3998 1207 4073 inter

73 4126 147 4187 tuus
161 4120 308 4199 eminere
325 4122 458 4221 coepit,⁸
474 4122 535 4223 qui
552 4139 723 4223 quantum
739 4120 806 4197 hac
823 4119 860 4195 in
875 4142 915 4192 re
931 4115 1098 4217 consequi
1113 4116 1206 4193 valet

108 4402 182 4473 'Ul
201 4418 278 4481 trodb
303 4420 369 4483 diri.
411 4423 489 4485 vide
513 4432 629 4563 supra!
653 4416 708 4565 li²
731 4420 813 4481 Unus
826 4415 1046 4493 minet-erepit.
1086 4410 1206 4485 Quinti·

79 4496 284 4567 ιδ1)·Χῑεῑιιιι.
676 4516 823 4564 onustum
836 4493 1205 4578 Romaeprofitebaturrhe-
