2859 4950
81 284 106 343 J.
124 284 157 343 C.
175 278 226 343 66.
312 277 423 343 Ltsstu
445 284 598 344 DEClMl
620 283 740 345 SEXTl
761 283 999 359 ANNAEIUM.
1166 291 1227 355 457

78 438 120 511 tia
133 438 277 539 agitabat
292 438 446 529 consilia,
470 438 595 539 quihus
611 438 795 537 AEthiopes
811 440 1037 539 Albanosque
1050 442 1058 475 ¹
1076 438 1227 538 Imperio

79 554 234 630 Romano
248 556 402 630 adderet.

119 798 178 859 48.
204 788 303 861 Dum
321 788 506 863 mittuntur
521 790 770 887 exploratores,
786 806 968 887 ceteraque
984 812 1113 889 magno
1124 812 1227 887 appa·

72 918 144 975 ratu
173 903 416 1000 disponuntur,
441 902 532 978 forte
549 904 713 979 vendred
733 904 869 979 Graecis
894 903 1098 991 civitatibus,
1121 902 1227 977 musi-

72 1041 128 1090 cos
150 1041 280 1117 agones
304 1021 407 1094 edere
433 1019 552 1109 solitis,
568 1019 692 1118 legati,
716 1020 777 1117 qui
806 1044 927 1093 omnes
951 1017 1226 1093 citharoedorum

70 1156 213 1208 coronas
233 1137 278 1207 ad
298 1134 413 1233 ipsum
438 1134 661 1235 perferrent.²
709 1139 845 1210 Mirum
871 1154 911 1209 ut
936 1134 1064 1233 placuit
1091 1159 1225 1209 novum

69 1250 299 1325 assentationis
331 1276 453 1353 genus.
515 1252 637 1352 Legati
668 1253 783 1326 statim
814 1250 965 1341 admissi,
1002 1248 1225 1325 familiaribus

68 1364 183 1439 inserti
215 1366 350 1463 epulis:
392 1367 598 1442 adulationis
622 1368 736 1465 periti,
776 1366 971 1464 Principem
1005 1383 1044 1439 ut
1072 1372 1227 1463 “super

67 1488 92 1525 “
107 1506 248 1557 coeuam
273 1484 412 1568 cantet'’
441 1499 576 1583 rogant.
628 1482 698 1557 Vix
727 1483 879 1572 audiere,
902 1482 939 1555 in
966 1481 1086 1556 laudes
1111 1480 1228 1571 effusi,

68 1596 203 1671 insitam
235 1598 419 1673 vanitatem
453 1600 500 1673 ita
530 1599 706 1689 inflavere,
743 1616 782 1673 ut
812 1598 952 1671 “solos
983 1596 1071 1671 scire
1105 1596 1226 1669 audire

66 1719 90 1755 “
115 1716 280 1806 Graecos,
312 1701 409 1790 ¹solos
434 1740 485 1805 se,
519 1716 613 1791 solos
643 1714 763 1789 studiis
792 1713 861 1787 suis
890 1714 1039 1813 dignos”
1070 1712 1222 1813 jactitet:

66 1835 152 1903 “se
181 1831 229 1905 ed
261 1830 517 1930 profecturum,
558 1848 597 1904 ut
633 1830 787 1905 Romam
830 1847 1011 1928 totumque
1051 1845 1225 1903 terrarum

64 1948 241 2021 “orbem
270 1948 466 2022 coronet.’'³
515 1946 614 2023 Nihil
646 1946 770 2021 veteris
802 1947 1025 2021 solicitudinis
1057 1960 1225 2044 superest.

62 2060 101 2133 ln
125 2052 332 2139 theatricam
356 2064 612 2161 expeditionem
637 2049 805 2162 praeceps,
830 2062 999 2136 Achaiam
1025 2061 1156 2159 petit:⁴
1179 2060 1227 2135 ad

61 2200 217 2273 scenam,
248 2195 287 2253 ut
311 2181 357 2253 ad
380 2180 536 2255 bellum⁵
561 2176 749 2278 profectus.
799 2179 973 2280 Tigellino
998 2178 1092 2251 enim
1121 2178 1225 2267 duce,

59 2316 177 2369 comes
205 2294 279 2373 ibat
307 2300 596 2394 Augustianorum
628 2313 663 2370 et
693 2311 889 2369 scortorum
921 2296 1036 2384 turba,
1072 2292 1223 2382 citharis,

58 2408 212 2506 plectris,
244 2411 413 2508 personis,
441 2411 624 2488 libidinum
647 2410 869 2502 omamentis,
892 2427 952 2486 aut
983 2405 1222 2501 incitamentis,
1306 2432 1309 2443 ¹

57 2527 183 2624 gravis.
240 2529 294 2602 Ut
309 2529 468 2626 primum
484 2523 696 2630 Cassiopen⁶
711 2533 905 2630 trajectum,
929 2527 1042 2602 statim
1057 2528 1102 2600 ad
1123 2549 1220 2600 aram

97 2873 107 2900 ¹
129 2875 328 2954 Albanasque.
366 2877 462 2937 Tacit.
485 2881 561 2940 illst.
587 2897 609 2940 t.
661 2889 694 2939 Ε,
709 2889 759 2938 tr.
771 2899 844 2938 anno
858 2879 961 2937 decimo
976 2877 1062 2936 tertio
1077 2875 1211 2953 imperii:

57 2951 85 3014 6.
107 2959 182 3032 Dio,
196 2959 280 3018 Libe.
296 2975 390 3018 aaut.
403 2978 432 3036 p.
445 2967 515 3030 719.
537 2961 612 3020 Plin.
662 2961 691 3018 iu
706 2959 803 3020 aversi
816 2973 906 3038 parte,
924 2959 1002 3016 navis
1015 2957 1119 3016 inflatis
1134 2955 1211 3041 uelis,

56 3055 102 3097 v1.
131 3046 169 3099 13
198 3051 229 3098 et
253 3045 308 3107 2¹9·
345 3039 462 3098 Sueton.
485 3043 514 3098 in
541 3042 612 3101 Ner.
662 3047 1006 3102 ΣΕΒΑΣΤΟΦΟΡΟΣ,
1029 3039 1057 3096 id
1080 3048 1131 3110 est,
1151 3057 1213 3098 oec-

57 3137 131 3180 xtx.
173 3117 531 3198 Parataaeetaacuptu
546 3142 614 3199 por·
662 3124 722 3180 tria
735 3121 869 3200 Augusti.
899 3119 978 3190 aliu,
991 3120 1038 3178 aad
1052 3137 1212 3198 perperam,

55 3211 100 3260 tar
112 3202 331 3281 expeditionem,
340 3201 500 3278 amiseriptd
509 3222 542 3260 ea
553 3203 615 3261 Ita·
664 3203 742 3262 hunc
764 3221 912 3260 nummum
932 3200 1018 3258 trahit
1033 3200 1212 3268 llarduinus,

55 3283 118 3340 licis
139 3279 240 3341 eandm
257 3281 361 3358 pedum
382 3281 521 3341 tironibus
540 3283 613 3342 nond
665 3283 776 3342 Selecta
790 3281 891 3358 Opera,
912 3301 941 3357 p.
956 3275 1026 3339 6³6.

53 3363 176 3441 legione,
211 3381 296 3439 quam
321 3361 427 3439 Magni
455 3363 614 3422 Alexandri
704 3361 716 3396 ⁵
741 3365 786 3454 Ut
796 3363 833 3420 ad
846 3364 955 3420 bellum.
996 3361 1067 3452 Dio,
1084 3357 1213 3454 ¹⁰⁰·.⁰lt·
1251 3424 1253 3430 ,

51 3441 440 3601 Qii‘r'iili‘imiii,
471 3521 529 3584 100.
563 3524 613 3583 ct.
663 3440 1211 3602 lutltltttlutllutlllt

52 3603 413 3664 Sueton.inNer.xx11.
663 3623 733 3663 axa.
748 3623 776 3681 p.
790 3599 859 3672 699.
903 3606 999 3681 Atque
1022 3603 1108 3661 etiam
1135 3623 1211 3664 num-

94 3681 106 3717 ³
130 3687 268 3746 Coronet.
289 3685 339 3742 Er.
354 3685 442 3742 reteri
458 3703 522 3743 usu.
551 3685 612 3750 Un-
662 3705 743 3763 quam
766 3682 891 3744 carrucis
909 3683 1000 3746 minis
1014 3685 1090 3742 mille
1102 3681 1213 3761 feriam

52 3767 90 3824 de
103 3766 230 3836 Plinius,
251 3783 311 3823 vu.
326 3760 378 3828 2'6.
420 3765 506 3825 Mon
523 3768 613 3826 εαενίε
661 3768 718 3824 iter
731 3765 1212 3844 traditur,aoleirmulurunrorgen·
1306 3791 1309 3796 ·

52 3847 257 3906 certaminibus
288 3846 470 3905 vincentium.
512 3846 614 3923 Neque
661 3847 723 3912 leit.
745 3847 918 3906 canusinatis
929 3845 1104 3914 mulionibus,
1116 3846 1213 3904 armil-

51 3929 125 3987 enim
145 3927 205 4005 ipsi
226 3938 411 3998 coronantur,
430 3927 481 3985 sed
499 3929 612 4006 patriar
664 3927 726 3986 lata
751 3935 779 3986 et
804 3925 954 4005 phaleratd
980 3945 1041 3986 cum
1062 3923 1212 3986 Mazacum

51 4027 119 4067 suar
133 4016 284 4067 coronant.
664 4007 759 4076 tur-ld,
768 4017 852 4086 atque
860 4027 1013 4080 cursorum,
1023 4006 1090 4078 Dio,
1099 4007 1129 4066 in
1142 4008 1212 4066 Ner.

90 4086 106 4121 ⁴
126 4088 270 4147 Achaiam
286 4088 371 4165 petit.
417 4087 515 4163 llujus
534 4089 612 4147 navi'-
666 4107 750 4148 xxx.

50 4169 179 4245 gationis
199 4169 277 4226 tertis
297 4186 438 4228 nummus
453 4181 611 4244 argenteus,
704 4163 718 4196 ⁶
739 4169 897 4246 Cassiopen.
939 4169 1058 4229 Suetou.
1083 4168 1112 4224 in
1139 4167 1210 4224 Ner.

52 4257 203 4308 aaran
222 4256 438 4309 ratumne.
452 4257 534 4305 rnr.
548 4259 607 4306 nr.
665 4268 737 4308 xxx.
779 4249 923 4326 cassiope,
951 4249 1036 4308 hodie
1058 4247 1090 4306 S.
1112 4245 1212 4308 Maria

49 4330 81 4387 id
95 4341 151 4400 est,
165 4329 249 4387 Nero
263 4325 358 4388 Caum
370 4331 522 4407 Augustas
535 4329 609 4387 Ger·
662 4331 693 4388 di
707 4330 838 4410 Cossopo,
858 4333 925 4390 urbs
945 4331 1046 4390 insulae
1066 4329 1211 4405 Corcyra,

49 4411 181 4473 ananim
195 4409 365 4492 Imperator,
374 4412 474 4494 capita
486 4410 607 4470 radiato.
665 4406 764 4491 Cursu.
891 4458 894 4466 ,
