2859 4950
278 388 339 457 AD
358 389 494 451 vitun
516 390 583 453 CN.
603 390 686 451 JUL.
708 390 941 453 AGRICOL'AE.
968 338 971 351 Ι
1128 392 1186 459 tu

73 536 231 609 Conseri.
277 540 355 610 MS.
370 543 472 610 Vstie.
486 552 583 619 3429.
598 544 735 611 corrui.
1195 616 1198 623 ,

73 650 272 719 Cooinorius
292 666 322 721 et
335 677 433 742 eques.
478 654 603 743 Copula
628 667 659 723 st
679 654 799 723 abestd
819 655 898 723 MS.
911 654 1014 721 Vatis.
1038 663 1136 731 3429.
1149 669 1181 723 et

31 760 221 829 editionibus
235 765 401 833 veteribus.

71 869 245 939 Promtior
258 875 292 943 in
303 898 395 962 spem.
442 876 591 943 Ernestus
605 877 722 959 mallet,
735 878 869 964 pronior
882 877 916 943 in
928 900 1020 965 spon

70 1088 164 1157 Cse.
181 1092 238 1161 36.
263 1092 366 1167 Simul
387 1095 569 1163 constantii.
613 1096 692 1165 MS.
705 1095 806 1166 Vatis.
822 1105 918 1171 3429.
941 1094 1092 1187 ematque
1111 1122 1182 1164 eon·

30 1201 158 1269 stautid.

73 1312 148 1381 Tres
167 1312 367 1382 Batavorum
386 1314 530 1383 cotoneo.
574 1318 661 1385 Bene
686 1318 765 1385 MS.
777 1320 881 1385 Vstic.
908 1328 1004 1393 3439.
1026 1332 1059 1385 et
1076 1344 1183 1387 recen·

30 1424 119 1491 tiores
134 1424 300 1492 editiones.
344 1426 382 1491 In
395 1427 559 1509 veteribus,
577 1448 635 1517 per
651 1428 847 1497 Butooomm
862 1430 1009 1497 cohortes.
1057 1421 1064 1435 ⁸

69 1534 114 1601 In
128 1549 219 1603 arcto
231 1560 381 1625 pugnam.
428 1538 515 1605 Libri
529 1564 635 1606 omnes
648 1542 734 1622 editi,
756 1544 811 1607 sed
824 1542 916 1620 mali,
939 1542 973 1606 in
983 1554 1089 1631 operto
1098 1567 1180 1632 pug-

31 1670 110 1714 nam.
157 1646 288 1734 Lipsius
309 1652 455 1730 tentabat,
478 1650 513 1715 ira
533 1662 658 1736 opertos,
680 1652 729 1719 rel
753 1654 787 1717 irs
811 1662 937 1739 operta:
967 1652 1116 1735 Scheiius,
1146 1656 1182 1719 in

31 1769 157 1845 aperta:
181 1758 292 1825 etde
314 1759 353 1825 ia.
365 1760 510 1841 Bleterie,
530 1762 674 1849 inoperti.
719 1762 853 1828 Feiicior
875 1762 986 1829 ceteris
1001 1762 1182 1831 Franciscns

33 1868 179 1949 Medicis,
202 1870 250 1935 vir
263 1870 401 1956 egregius
415 1883 447 1937 et
465 1871 496 1935 in
510 1872 614 1938 inuitis
628 1875 666 1939 de
680 1872 793 1939 Tacito
807 1874 885 1939 bend
907 1871 1041 1953 meritus,
1063 1875 1181 1960 optimi

32 1982 226 2061 emendabit,
258 1981 292 2045 in
311 1992 409 2061 arcto,
439 1981 490 2047 eui
521 1981 677 2049 Pichenus
699 1983 866 2049 subscribit
891 1998 926 2049 et
957 1984 1121 2063 Gruterus,
1147 1999 1182 2053 ut

33 2090 165 2177 postulet
187 2074 256 2179 ipsa
279 2091 425 2157 orationis
438 2089 539 2157 se'ries.
584 2094 637 2159 Sic
663 2117 788 2181 quoque
812 2096 852 2159 de
877 2094 1037 2179 Hisponis,
1063 2094 1180 2177 Livius,

34 2224 170 2269 xxvui.
193 2210 249 2271 33.
282 2202 348 2268 “in
369 2218 455 2269 arcto
479 2227 584 2290 pugna
606 2204 750 2271 Romano
772 2204 883 2290 aptior,
915 2204 1009 2291 qudm
1035 2204 1181 2293 Hispano

34 2312 118 2381 militi
140 2316 246 2383 tumn
268 2314 458 2380 videbatur?
503 2314 579 2381 Duo
602 2314 632 2379 iu
657 2314 811 2381 Britannis
834 2315 1030 2402 reprehendit
1041 2313 1181 2401 Tacitis,
1306 2388 1310 2406 ‚

34 2436 62 2490 et
74 2424 160 2512 quod
175 2424 267 2492 sarire
277 2425 397 2493 hostem
409 2450 470 2492 non
484 2440 619 2512 possent,
633 2439 665 2493 et
676 2424 829 2516 quidnon
840 2439 965 2514 possent
977 2450 1043 2492 sese
1055 2440 1180 2514 tegere3

35 2539 108 2602 unde
121 2537 230 2606 stetim
244 2536 351 2626 liquet,
360 2561 502 2626 pugnarn
513 2539 546 2602 in
560 2551 678 2626 aperto,
700 2523 845 2604 Tacitum
862 2561 982 2619 vocare,
1004 2537 1035 2602 in
1048 2563 1181 2624 corpora

35 2647 249 2716 Britannorum
262 2671 325 2716 non
337 2663 417 2714 tecta
428 2663 556 2735 propter
570 2671 664 2734 parva
679 2663 777 2714 scuta.
821 2649 917 2714 Misc.
930 2649 1011 2714 Obs.
1028 2672 1081 2714 rx.
1104 2653 1181 2723 367.

73 2757 119 2827 Et
145 2761 268 2828 tractis.
313 2761 363 2826 Ita
391 2759 462 2825 libri
490 2783 597 2825 omnes
625 2759 708 2826 editi.
739 2759 898 2825 ‘Muretus
925 2763 1130 2841 emendabat,⁸
1148 2771 1179 2827 et

25 2869 148 2960 fractis.
181 2871 232 2939 At
243 2871 317 2936 edm
330 2870 362 2935 iu
377 2870 479 2936 MSS.
494 2870 596 2936 Vatic.
611 2879 695 2943 3429
709 2884 741 2936 et
754 2880 851 2945 4493.
873 2871 992 2957 legatur
1005 2872 1134 2952 tantum,
1150 2881 1178 2936 et

33 2983 126 3048 tratis.
172 2982 365 3049 Puteolanus
379 2981 560 3069 conjectori
575 2981 680 3062 edidit,
702 2993 733 3046 et
745 2983 863 3050 tractis.
907 2981 960 3050 Ad
973 3003 1037 3065 rem
1052 2995 1084 3047 et
1098 2997 1179 3045 vete-

35 3091 70 3156 ris
83 3093 244 3184 scripturn
257 3093 381 3180 vestigia
395 3093 495 3179 aptius
514 3117 549 3161 sc
565 3091 701 3184 propitia,
724 3102 754 3157 et
764 3092 939 3180 prostratis.
983 3089 1058 3188 H.⁰⁶
1082 3096 1179 3163 verbo
1276 3114 1283 3126 ·

35 3223 109 3290 saepe
123 3203 222 3272 utitur
234 3203 365 3270 Tacitus
379 3204 409 3272 iu
424 3201 591 3274 Annalium
606 3217 637 3274 et
652 3201 862 3271 Historiarum
874 3201 971 3276 libris,

73 3313 116 3380 Iu
129 3337 217 3408 aquo
232 3315 424 3406 obstiterant.
469 3303 547 3384 MS.
562 3313 661 3385 Vutic.
677 3319 775 3386 3499.
788 3313 984 3384 adstiterunt,

73 3425 228 3516 Equitum
242 3425 478 3522 tumtasagdre.
521 3425 637 3498 Tentat
659 3422 795 3512 Lipsius,
816 3424 952 3512 equitum
976 3433 1083 3488 turma
1106 3423 1180 3510 effu·

35 3535 108 3617 dere,
128 3552 184 3608 sut
198 3537 312 3628 potids,
328 3521 455 3624 ffusess
481 3537 640 3620 Ernesttis,
662 3557 797 3623 erupere.
829 3535 893 3600 Sed
913 3532 1076 3615 inutiliter3
1098 3535 1124 3598 si
1139 3535 1178 3600 sd

36 3670 78 3728 es,
99 3673 167 3738 qne
182 3649 308 3720 innotis
326 3648 563 3730 observavimus,
584 3649 768 3718 attendatur.

75 3759 222 3830 Hostium
246 3759 430 3850 agminibus.
474 3759 634 3830 Romanos
657 3757 786 3827 Tacitus
819 3755 943 3824 minimi
958 3754 1046 3832 dixit,
1071 3753 1192 3840 hostes.¹

37 3865 91 3934 Vel
104 3871 191 3958 ergo,
214 3881 248 3936 ut
260 3869 384 3936 volebat
396 3871 551 3949 Muretus,
573 3868 794 3936 emendandum
808 3878 1000 3934 nostrorum:
1021 3864 1080 3946 rel,
1094 3866 1178 3952 quod

38 3983 74 4044 ob
87 3997 222 4072 reterens
236 3983 421 4074 scripturam
432 3981 638 4060 commodius,
654 3979 835 4060 cohortium,
849 3991 885 4044 ut
898 3990 1004 4042 mouet
1017 3975 1178 4041 Ernestus.

38 4089 142 4178 neco,
178 4109 214 4162 ut
241 4093 317 4160 mihi
339 4092 469 4173 ridetur,
504 4091 663 4158 Acidalius
691 4093 731 4160 de
758 4087 931 4175 agminibus
959 4086 1179 4155 Britannonun

38 4205 171 4287 exponit,
186 4205 299 4293 quibus
313 4203 459 4272 covinurii
470 4217 556 4268 eram
570 4200 711 4271 inmixti.
732 4200 814 4265 Vide
826 4197 923 4264 Misc.
936 4197 1018 4262 Oba.
1034 4219 1088 4262 lx.
1102 4197 1179 4262 368.

79 4311 157 4380 Cum
171 4315 248 4406 agri
261 4317 316 4384 diu
329 4326 454 4382 stantes.
499 4311 656 4400 conuptt
681 4325 798 4377 veteres
821 4309 981 4389 editiones,
1002 4308 1071 4373 etim
1095 4329 1179 4393 agra

39 4418 89 4489 uu
102 4437 156 4495 aut
169 4437 280 4496 statue.
323 4426 501 4508 Rhenanis,
514 4415 607 4516 quein
621 4446 728 4496 omnes
739 4420 851 4517 posted
865 4433 935 4488 sunt
949 4419 1056 4503 noua,
1076 4439 1181 4494 emen·

502 4563 511 4612 i
