2859 4950
56 318 69 379 J
76 302 156 375 046.
334 305 445 366 LIBRI
467 302 619 366 Dacrnss
640 304 882 397 ANNALIUM.
1126 320 1188 384 421

54 500 73 538 “
93 506 222 566 centum
237 484 335 563 anais
350 486 547 563 modicam:
562 488 573 523 ¹
598 486 747 561 insulam
761 482 1189 590 autimargaritarumquo

53 615 72 652 “
91 605 306 705 grandionan
321 603 553 695 fertiliorem!
569 602 679 705 quim
693 604 864 680 Indiam.''
899 604 1086 705 Paululum
1101 603 1189 691 invi,

52 724 126 797 diam
163 720 335 795 imminuit
375 720 539 795 vitiorum
578 720 794 810 scelerasse
827 721 998 819 Romania
1036 720 1186 823 luxurias

51 838 293 915 commendatio.
345 838 553 913 Fatebantur
592 837 684 911 enim
718 835 820 936 iegati
854 836 959 908 “sibi
992 860 1116 921 aurum
1150 854 1185 911 et

51 964 69 999 “
88 971 262 1053 argentum
278 952 317 1025 in·
331 953 441 1051 pretio
454 957 486 1027 :⁸
512 978 666 1027 marmor
681 952 858 1025 testudinis
874 951 1013 1040 simile,⁴
1027 977 1182 1051 gemmas
1271 942 1274 947 ¹

50 1069 348 1169 “margaritasque
372 1071 409 1143 in
434 1071 567 1145 honore
593 1070 705 1143 multo
734 1067 987 1166 praestantiores
1014 1048 1184 1141 haberi:3

50 1194 67 1231 “
86 1186 231 1283 ipsorum
250 1210 334 1282 opes
351 1188 497 1284 majores
515 1210 601 1276 esse,
613 1186 674 1260 sed
690 1186 783 1283 apud
801 1186 981 1257 Romanos
995 1182 1181 1281 opulentias

36 1310 66 1412 ‘⁴‘
85 1303 244 1400 majorem
262 1297 419 1375 usum.”⁶
455 1358 460 1371 .
512 1350 516 1363 ·

83 1537 134 1605 35.
160 1534 294 1606 Tnnrn
323 1531 359 1609 in
387 1530 512 1622 insuli,
538 1547 636 1604 extra
664 1528 825 1606 urbemi
849 1528 975 1603 naturd'
1000 1528 1180 1631 relegati‚’

47 1648 126 1720 nulti
141 1647 184 1723 ed
202 1648 554 1749 magismirabarrtur,
579 1647 677 1746 qubd
693 1650 738 1721 de
754 1647 896 1721 Seribus
911 1670 1053 1743 prorsus
1069 1647 1179 1719 diver-

46 1788 72 1835 s
83 1764 173 1861 priris
190 1761 333 1855 audita,8
356 1763 557 1839 certioribus
574 1764 699 1837 nuntiis
716 1779 791 1835 tum
808 1764 953 1835 firmata.
978 1774 984 1785 ⁰
1004 1764 1178 1836 Memora-

46 1880 87 1951 bat
111 1880 202 1954 euim
220 1880 355 1955 Rachia
383 1886 409 1925 “
427 1880 517 1954 ultra
532 1895 667 1953 montes
683 1877 861 1953 Emodos⁹
889 1880 1032 1968 Seras,¹⁰
1055 1876 1177 1952 lanicio

73 2252 82 2281 ¹
102 2254 212 2316 Centum
227 2258 309 2319 annis
322 2258 466 2323 modicam.
480 2260 569 2331 ‚llaec
628 2266 677 2324 dos
692 2261 841 2341 interjecti,
852 2280 940 2341 supra
950 2254 1059 2340 Gangis
1072 2263 1172 2323 fontes.

45 2340 210 2397 cisione-ntia
226 2342 349 2415 Plinius,
367 2342 436 2403 ibid.
478 2345 570 2404 immo
667 2342 693 2372 ¹⁰
713 2346 808 2404 Serae.
853 2346 932 2404 Seres
954 2344 997 2401 iili
1025 2358 1080 2401 non
1107 2354 1174 2403 sunt

45 2416 168 2476 Diodorus
193 2421 322 2494 Siculus,
352 2442 389 2483 11.
414 2432 461 2492 57.
484 2427 571 2486 tradit
626 2428 678 2506 ipsi
694 2427 831 2498 Sinenses,
854 2435 887 2483 ut
904 2425 1002 2484 multis
1021 2426 1191 2498 creditum,¹

43 2516 76 2588 eos
89 2501 119 2556 nd
134 2515 248 2560 eentum
263 2505 469 2584 quinquaginta
483 2527 571 2566 annos
625 2509 671 2567 sed
687 2527 751 2586 pars
765 2507 949 2586 Scytharum,
966 2507 1078 2566 Orienti
1091 2525 1174 2564 max·

44 2591 111 2636 ittam
126 2585 294 2658 producere.
314 2605 317 2612 ’
625 2591 827 2660 indemens,
847 2599 876 2646 et
898 2605 1000 2664 magno
1021 2604 1105 2644 muro
1130 2586 1174 2646 si·

73 2655 285 2723 ²Fcrtiliorem.
328 2665 448 2735 Plinius,
468 2666 538 2726 ibid.
625 2671 763 2742 nendum,
796 2669 846 2746 qni
867 2669 928 2744 jam
957 2679 1018 2727 tum
1044 2671 1172 2742 extabat,

71 2731 132 2798 ¹In
154 2747 260 2820 pretio.
302 2747 393 2824 ldque
416 2765 569 2806 commune
625 2751 729 2809 vicina.
770 2750 816 2806 De
840 2750 955 2806 Scribus
982 2748 1103 2820 Plinius,
1124 2769 1171 2810 vr.

42 2836 130 2894 semper
144 2825 196 2882 fnit
211 2825 337 2886 Orientis
351 2827 463 2884 vitium.
608 2844 613 2862 '
628 2837 674 2897 17.
708 2828 801 2887 Primi
813 2829 878 2888 cont
891 2829 1036 2902 lominum,
1050 2833 1098 2906 qni
1110 2849 1172 2890 nos-

70 2895 82 2928 ⁴
94 2901 250 2965 Testudinis
262 2908 359 2966 simile.
394 2906 431 2964 lis
446 2925 569 2972 marmor
625 2921 737 2983 cantur,
749 2909 841 2980 Seres,
854 2911 955 2968 lanicio
967 2912 1110 2984 spinarum
1123 2931 1172 2969 no·

42 2993 87 3036 ent
99 2985 291 3046 testudinnced
304 2987 448 3045 varietate.
624 2993 701 3065 biles,
730 2991 873 3070 perjireom
899 2977 987 3068 ctqnti=
998 2993 1171 3068 depectentes

71 3055 214 3125 'Hiberi
257 3069 321 3126 Nec
347 3069 469 3136 mirum;
498 3067 566 3126 crim
622 3073 765 3142 frondium
786 3072 933 3131 canitiem:
956 3073 1028 3129 unde
1045 3074 1171 3148 geminus

42 3133 222 3216 Taptobanitae
249 3149 353 3225 opibns
378 3149 510 3218 valerent,
538 3163 567 3208 et
613 3138 740 3231 'sarrinia
764 3152 868 3209 nostris
890 3151 968 3208 labor
993 3151 1171 3212 redordiendi

43 3215 102 3306 lndis
125 3237 213 3286 essent
239 3231 342 3289 vicini:
376 3229 565 3306 praetereant
612 3233 682 3309 ⁴fiio,
724 3251 888 3310 mersumque
925 3233 1046 3291 tetendi.
1101 3232 1170 3292 Tem
1218 3231 1223 3240 ’

43 3300 79 3370 qni
90 3307 200 3378 gemmis
221 3325 250 3368 et
266 3311 423 3388 margaritis
437 3310 565 3367 abunda·
623 3313 773 3390 multipiici
806 3332 896 3390 opere,
929 3321 985 3370 tarn
1020 3311 1170 3390 longinquo

42 3377 100 3439 bant.
141 3389 214 3447 l'rde
233 3389 429 3458 Proin-mum,
450 3407 509 3449 vrr.
522 3396 552 3448 4.
624 3397 688 3452 orbe
698 3393 817 3470 petitur,
835 3403 868 3451 tit
880 3394 907 3449 in
917 3392 1029 3470 publico
1042 3403 1171 3451 matrona

70 3453 235 3544 ⁶llnjorenn
267 3492 353 3530 neem.
396 3471 470 3528 Vere
503 3473 568 3549 qui·
625 3475 807 3534 transluceat.
849 3473 894 3530 De
920 3473 1033 3530 Seribus
1059 3492 1171 3531 eorum·

41 3537 97 3613 dtu,
117 3559 141 3603 et
156 3571 190 3606 ex
205 3551 324 3611 inxurid
338 3567 365 3613 et
379 3551 566 3610 ostentatione
625 3575 681 3632 qne
695 3555 785 3613 serico
798 3554 884 3632 plura
896 3554 982 3610 habet
996 3555 1169 3614 Ammianus

41 3616 160 3686 lirinens,
624 3635 823 3704 Marcellinus,
859 3653 960 3692 xxrrr.
997 3644 1043 3692 ll.
1086 3635 1169 3694 Seres

70 3697 79 3730 ⁷
97 3705 241 3787 Relegotd.
284 3712 359 3771 Plin.
373 3731 418 3771 vr.
431 3719 480 3773 22.
623 3735 762 3775 armornm
784 3735 890 3792 seraper
903 3725 930 3774 et
949 3715 1109 3794 prediorum
1125 3728 1170 3773 et-

70 3775 179 3872 {Prius
200 3793 307 3852 andito.
349 3797 424 3852 Ante
439 3795 512 3852 hanc
527 3793 565 3852 le·
618 3806 724 3873 pentes,
745 3805 830 3873 utque
844 3795 997 3855 dominibus
1015 3797 1121 3854 sedetis
1141 3807 1169 3856 et

41 3872 159 3952 gatternern
173 3871 298 3932 Claudio
312 3875 434 3943 missam,
452 3877 514 3952 jam
529 3875 564 3932 de
618 3877 740 3952 placidie
754 3886 795 3934 ert
809 3877 893 3934 otium
908 3874 1086 3953 voluptabile,
1098 3879 1170 3936 reniti

40 3939 135 4006 bembus
147 3959 296 4032 scripserat
311 3955 485 4032 Pomponius
500 3955 564 4012 liic-
609 3958 801 4032 finitimorum
813 3957 939 4014 molesti.-
964 3956 1025 4014 celi
1037 3958 1112 4033 opud
1125 3979 1169 4016 eos

41 4016 69 4088 ¹³,
86 4041 131 4085 111.
143 4038 170 4096 7.
213 4035 293 4094 Seres
307 4037 457 4105 intersunt,
475 4055 563 4114 genus
611 4039 743 4114 jucundo
751 4037 925 4113 salubrisque
934 4038 1087 4113 temperies,
1095 4038 1170 4098 aerii

40 4100 127 4169 pienum
150 4117 286 4189 jerstitiae,
328 4137 361 4175 es
393 4115 563 4188 commercio,
610 4117 832 4196 faciesmnrrdn,
852 4118 1005 4194 leniumque
1024 4126 1174 4176 ventorum·

41 4196 95 4250 quon
110 4193 183 4251 retina
193 4199 220 4254 in
233 4198 383 4256 solitudine
396 4197 503 4256 relictis
517 4197 565 4253 ab·
621 4200 850 4256 commodissimus
868 4199 974 4273 statne,
1004 4206 1031 4255 et
1063 4196 1169 4256 edundi
1274 4199 1277 4204 ’

40 4275 87 4318 tens
96 4279 213 4350 peragit,
232 4279 413 4336 notissimum.
620 4279 705 4358 splvoe
718 4278 867 4337 subirrcidoe
874 4302 885 4346 ;
901 4278 919 4335 (i
933 4279 1029 4354 quidne
1039 4282 1169 4338 orborum

72 4340 208 4416 ”orontes
227 4359 357 4418 Emodon.
400 4357 474 4416 Plin.
491 4357 562 4417 ibid.
618 4359 1170 4437 firtirsuqmrumosperginibnecrebris,
1278 4378 1280 4383 ·

62 4427 126 4485 modi
140 4449 245 4537 montes
257 4440 329 4498 inter
344 4437 464 4517 Scythas
475 4449 501 4498 et
517 4439 562 4497 ln·
610 4426 697 4503 'ceint
725 4441 848 4518 quedam
875 4441 981 4497 vellera
1006 4441 1169 4510 mollientes,

171 4579 174 4586 ·
263 4557 353 4610 von.
371 4558 424 4611 rr.
503 4582 508 4591 ·
562 4601 564 4604 .
852 4545 915 4606 ΞΕ
