2859 4950
250 313 310 381 t&
546 310 672 377 NOTAE
691 310 745 374 ET
765 312 1098 380 EMENDATIONES

250 468 429 549 accolabus,
450 468 619 555 mancipiis,
639 466 768 549 libertis,
789 470 893 552 vineis,
908 470 1008 555 sylvis,
1023 472 1130 559 pratis,
1151 472 1359 562 pmcnis,squis,

248 604 435 669 aquarumve
447 580 635 661 decursibus,
656 580 823 647 mobilibus
837 595 869 647 et
882 583 1101 665 immobilibus,
1118 608 1189 651 cum
1204 585 1281 651 omni
1291 610 1361 671 supn

248 693 354 780 posito
367 690 490 778 suisque
502 690 680 779 adjacentiis
699 709 762 757 tam
786 694 826 758 de
850 694 950 774 alode,
972 692 1067 781 quim
1092 710 1124 763 et
1144 698 1183 763 de
1205 710 1361 785 comparato,

247 824 303 870 seu
318 805 358 868 de
368 802 511 891 quilibet
522 804 670 883 adtracto,
691 817 792 870 totum
806 818 839 871 et
863 808 901 871 ad
922 806 1083 891 integrum,
1104 807 1183 873 sicut
1204 808 1223 873 d
1244 832 1289 873 me
1306 834 1363 895 prs·

248 913 326 981 senti
346 928 487 999 tempore
508 912 715 979 videturesse
739 938 932 1000 possessum3
954 930 986 983 et
1010 918 1040 983 in
1066 919 1261 985 fabricaturus
1281 944 1363 985 sunm

247 1036 377 1105 tuntum,
397 1038 557 1109 argaitum
579 1038 708 1104 tantum,
730 1027 920 1094 vestimenta.
965 1028 1045 1095 Huc
1060 1031 1162 1095 omnia
1175 1032 1304 1117 superiis
1314 1034 1363 1117 jun

245 1139 331 1204 dieta
354 1160 411 1225 per
430 1138 512 1203 bunc
533 1136 659 1203 titulum
681 1137 779 1203 libelli
803 1138 883 1205 dotis
906 1140 1015 1205 diebus
1038 1140 1213 1226 nuptiarum
1237 1142 1287 1207 tibi
1314 1164 1364 1207 mn

245 1238 441 1335 impleturus,
462 1248 511 1313 vel
534 1247 706 1328 traditurus,
728 1248 770 1313 ils
794 1244 838 1329 ut,
859 1252 934 1315 dum
956 1236 1114 1332 adsixeris,
1135 1252 1364 1339 secundumlmir

245 1362 383 1427 ordinem
402 1374 503 1427 teneus
517 1376 610 1447 atque
622 1360 790 1447 possideas,
811 1362 983 1449 nostrisque
1006 1364 1059 1451 qui
1084 1388 1121 1431 ex
1137 1367 1228 1431 nobis
1242 1366 1365 1451 procreati

146 1503 148 1506 ·
245 1472 359 1539 luerint
371 1472 445 1537 filiis
457 1470 506 1538 vel
518 1471 640 1537 filiabus
650 1470 854 1561 derelinquar.
900 1472 935 1539 Si
949 1474 1017 1559 quis
1032 1476 1117 1555 verb,
1139 1476 1165 1541 si
1179 1500 1238 1562 ego
1250 1477 1317 1563 ipse,
1328 1486 1366 1541 sut

243 1582 308 1649 uilo
320 1582 606 1671 quislibetpersona
626 1584 729 1665 fuerit,
751 1584 804 1671 qui
828 1598 934 1651 oontm
955 1586 1033 1651 hane
1058 1587 1255 1654 donationem
1276 1587 1365 1673 aliquid

242 1718 335 1782 agere
347 1694 396 1760 vel
410 1693 594 1760 calumniam
608 1717 751 1780 generm
765 1696 979 1781 presumserit,
1002 1696 1077 1763 illud
1100 1700 1193 1784 quod
1206 1698 1310 1785 repetit
1321 1720 1364 1763 mn

242 1806 386 1886 vindicet,
407 1820 441 1872 et
453 1806 577 1892 insuper
598 1820 706 1871 contra
720 1806 770 1871 cui
783 1806 868 1873 litem
882 1806 1016 1875 intulerit
1037 1807 1152 1874 solidos
1167 1823 1288 1876 centum
1301 1832 1364 1873 mn·

242 1932 349 2005 pomt.
392 1918 437 1983 Et
460 1918 526 1983 lsaec
552 1918 678 1984 donatio
700 1918 777 1983 meis
809 1917 857 1983 vel
885 1920 1038 1984 bonorum
1064 1920 1227 1988 hominum
1252 1922 1365 1987 manibus

239 2032 385 2097 roborata
409 2052 483 2095 cum
506 2028 702 2116 stipulatione
725 2029 855 2096 subruas
876 2030 966 2095 firma
991 2034 1199 2119 permaneat.''
1241 2032 1364 2097 immoet

238 2143 323 2228 apud
347 2142 524 2208 Germanos
547 2143 727 2206 emebantur
748 2164 868 2223 uxores,
898 2154 934 2207 ut
956 2153 1043 2228 putet
1062 2166 1101 2207 ex
1117 2142 1206 2229 Lege
1220 2144 1363 2221 Saxonum,

237 2252 306 2321 ‘ltu
322 2254 457 2319 v1.“de
471 2251 760 2340 conjugiisftag.
779 2264 806 2318 l.
828 2260 850 2293 “
864 2252 1003 2320 Uxorem
1016 2256 1163 2321 ducturus
1180 2278 1258 2321 coc.
1273 2255 1364 2321 solidos

237 2366 292 2433 det
314 2364 492 2452 parentibus
512 2366 599 2453 ejusr
632 2364 784 2430 siautem
807 2365 872 2431 sine
896 2364 1053 2431 voluntate
1078 2380 1250 2452 parentum,
1282 2364 1364 2453 puelli

225 2490 341 2544 tamen
354 2478 573 2558 consentiente,
592 2478 687 2545 ducta
698 2478 800 2560 fuerit,
823 2477 870 2544 bia
885 2491 1037 2545 trecentos
1062 2479 1187 2561 solidos,
1212 2481 1364 2568 parentibu

235 2589 305 2679 ejus
318 2603 497 2676 componat.
541 2587 577 2655 Si
590 2589 663 2655 verb
676 2611 734 2654 nec
748 2601 898 2676 parentes,
921 2607 978 2656 nec
993 2589 1096 2677 puelle
1111 2611 1329 2672 consenserunt,
1342 2589 1363 2654 id

234 2715 295 2784 est,
317 2703 343 2769 si
356 2701 487 2788 pervim
501 2712 590 2787 rapta
602 2711 660 2780 est,
680 2703 857 2787 parentibus
870 2701 936 2789 ejus
953 2713 1104 2768 trecentos
1126 2703 1255 2783 solidos,
1275 2701 1363 2790 puelle

237 2833 343 2879 ccxl..
365 2825 544 2899 componat,
563 2835 695 2900 eamque
720 2813 897 2899 parentibus
921 2813 1087 2880 mutuat?
1131 2814 1230 2882 Plura
1253 2811 1363 2896 ride,si

233 2923 378 3006 volueris,
398 2923 430 2990 in
455 2923 541 3008 lage
560 2923 830 3010 Burgundionum,
851 2923 918 2990 Tit.
934 2945 1034 2990 txvt.
1049 2937 1081 2990 et
1102 2925 1168 2992 Tit.
1185 2947 1291 2992 nxrx.
1311 2925 1362 2988 “ds

115 3059 119 3066 ·
233 3035 414 3117 Wrttemon,
434 3035 467 3101 id
487 3047 544 3119 est,
565 3033 605 3102 de
630 3033 746 3100 Dote.'’
787 3035 867 3101 Vide
881 3057 1006 3123 quoque
1022 3036 1141 3122 Legem
1157 3035 1361 3117 saliumssl‘u

232 3159 355 3216 nvn.
376 3160 409 3214 et
421 3147 538 3233 Legem
553 3145 785 3233 Ripusriorum,
798 3145 864 3212 ‘lit
881 3167 1033 3212 xxxvu.
1056 3147 1131 3220 Qud
1145 3161 1250 3214 autem
1264 3144 1360 3235 pompl

230 3281 361 3329 uxorem
386 3271 536 3346 poterent,
557 3255 684 3344 intelligi
703 3270 806 3344 potest
828 3281 868 3324 en
891 3258 1024 3345 epistold
1050 3258 1169 3324 Sidonii
1181 3256 1360 3347 Apollinaris,

232 3391 283 3446 rr.
298 3383 352 3440 20.
387 3379 411 3412 “
425 3370 570 3439 Sidonius
584 3368 717 3436 Donitio
731 3393 787 3435 suo
802 3369 943 3436 salutem.
964 3369 1017 3435 Tu
1031 3369 1084 3436 cui
1097 3371 1274 3457 frequenter
1286 3387 1358 3444 amu

229 3461 437 3565 stamnum,
457 3495 491 3549 et
515 3495 649 3547 armatos
660 3481 809 3567 inspicere
817 3482 990 3569 jucundum
1003 3493 1059 3562 est,
1082 3503 1176 3568 quam
1190 3482 1357 3568 voluptatem

228 3609 376 3685 putamus
398 3606 501 3660 mente
515 3591 701 3680 conciperes,
724 3592 750 3658 si
772 3592 979 3678 Sigismerem,
1001 3592 1120 3678 regium
1138 3594 1294 3681 juvenem,
1312 3591 1356 3656 n'bs

226 3718 322 3796 atque
343 3706 429 3774 cultu
455 3703 614 3792 gentilicio
637 3717 788 3785 ornatum,
811 3717 921 3792 utpote
943 3727 1106 3790 sponsum,
1126 3727 1181 3770 seu
1205 3705 1356 3794 petitorem,

225 3819 405 3909 praetorium
419 3815 518 3884 soceri
531 3829 676 3903 expetere
687 3815 829 3884 vidisses!
873 3814 968 3882 Illum
991 3839 1089 3905 equus
1108 3817 1233 3904 quidem
1246 3809 1356 3902 phaleris

227 3943 361 4013 comtus,
381 3931 478 4024 immo
499 3927 572 4016 equi
594 3929 780 3995 radiantibus
794 3927 924 4013 gemmis
949 3929 1052 3994 onusti
1077 3930 1301 4006 antecedebant,
1320 3918 1355 3986 tel

225 4044 320 4114 ctiam
334 4044 614 4130 subsequebantur:
636 4036 708 4106 cum
723 4053 824 4106 tamen
836 4039 896 4106 boc
911 4039 1007 4127 magis
1021 4039 1064 4108 ibi
1086 4043 1232 4106 deconsm
1255 4033 1354 4122 conni-

225 4153 374 4236 elebatur,
396 4153 481 4241 qubd
500 4150 740 4241 pracussoribus
765 4151 827 4218 suis
848 4151 912 4218 sive
934 4151 1117 4241 pedisequis,
1139 4155 1232 4239 pedes
1255 4163 1285 4216 et
1301 4147 1353 4233 ips·

223 4267 345 4334 medius
365 4263 500 4347 incessit,
531 4266 692 4332 flammeus
716 4287 825 4345 cocco,
865 4263 975 4332 rutilus
1004 4285 1090 4346 suro,
1125 4263 1239 4330 lacteus
1263 4259 1349 4328 serico·
1390 4241 1391 4264 ¹

220 4365 316 4448 'l'um'
324 4375 411 4459 cultu
424 4388 523 4463 tento,
543 4399 634 4448 coms
645 4379 759 4449 rubore
771 4377 837 4448 euti
849 4376 1007 4448 maculer.
1044 4377 1234 4467 Regulomm
1248 4387 1350 4468 quoqu
