2859 4950
557 294 793 355 GERMANIA.
1207 306 1245 360 25

87 451 177 553 quid
191 448 378 535 fortuitum
393 465 427 523 et
442 448 595 523 subitum
617 428 787 539 inciderit,
804 446 905 523 certis
930 447 1063 541 diebus,
1083 450 1170 527 cium
1185 472 1245 529 aut

87 571 276 643 inchoatur
292 568 398 656 luna,¹
415 583 474 638 aut
485 566 670 664 impletur:
688 590 770 637 nam
782 565 922 663 agendis
934 568 1038 640 rebus
1050 568 1244 668 hoc‘auspi.

90 686 303 758 cadsmmum
328 682 462 754 lanitium
489 685 662 757 credunt.²
712 685 789 755 Nec
819 668 953 755 ditinum
980 709 1178 776 numerum,
1205 704 1244 760 ut

93 824 169 898 nos,
188 803 252 873 sed
278 798 432 872 noctium
457 802 681 896 computant.³
732 798 789 873 Sic
807 800 1030 899 constituunt,
1055 801 1102 873 sic
1126 804 1244 875 condi·

94 935 172 989 cunt
185 922 225 988 :⁴
248 940 323 987 nox
340 916 468 987 ducere
483 915 575 987 diem
591 914 743 987 videtur:
777 916 867 987 Illud
880 941 925 988 ex
939 916 1092 989 libertate
1109 917 1242 1011 vitium,

88 1032 189 1127 quod
214 1056 288 1103 non
314 1030 429 1119 simul,
456 1056 520 1103 nec
537 1048 577 1102 ut
598 1030 683 1128 jussi
700 1032 922 1119 conveniunt,
949 1034 1009 1104 sed
1029 1048 1062 1104 et
1084 1034 1182 1123 alter,
1207 1042 1261 1108 et'

85 1148 210 1225 tertius
235 1146 309 1221 dies
338 1146 552 1250 cunctatione
577 1147 776 1219 coeuntium
803 1148 1003 1221 absumitur.
1057 1151 1107 1221 Ut
1129 1152 1241 1225 turbae

81 1262 243 1359 placuit‚⁵
279 1262 467 1358 =considunt
504 1257 650 1335 armati.⁶
719 1264 898 1336 Silentium
940 1290 1002 1361 per
1035 1266 1241 1355 sacerdotes,

81 1379 215 1475 quibus
232 1396 309 1451 tum
324 1396 359 1451 et
375 1380 556 1453 coercendi
572 1382 629 1478 jus
653 1398 717 1469 est,
734 1380 932 1475 imperatur.
983 1384 1074 1453 Mox
1091 1406 1167 1470 rex,
1184 1381 1240 1454 vel

81 1495 262 1590 princeps,
286 1512 391 1592 prout
417 1515 499 1569 aetas
522 1497 659 1593 cuique,
685 1514 789 1593 prout
816 1497 986 1585 nobilitas,
1013 1514 1117 1592 prout
1133 1498 1239 1570 decus

82 1610 276 1699 bellonam,
306 1628 422 1706 „prout
468 1610 627 1683 facundia
667 1618 744 1702 est,⁷
792 1612 992 1700 audiuntur,
1040 1611 1243 1685 auctoritate

84 1725 254 1796 suadendi
289 1726 411 1825 magis,
444 1727 551 1825 quam
580 1730 725 1828 jubendi
758 1746 933 1827 potestate.
997 1727 1034 1801 Si
1067 1726 1238 1825 displicuit
1283 1760 1285 1764 ·

79 2029 205 2086 manicis
227 2030 257 2085 in
277 2029 362 2106 sylvis
384 2030 469 2087 fuisse
490 2044 630 2109 rupertum

79 2109 223 2166 miratur:
246 2121 276 2166 ct
297 2110 403 2184 Anglos
424 2112 488 2169 indo
507 2113 632 2171 hausisse

79 2190 237 2265 politicam
251 2192 363 2265 imperii
385 2194 429 2251 sui
449 2193 565 2249 larinum
581 2196 630 2250 ‹lo-

79 2283 134 2327 cct.
182 2270 268 2327 lllam
295 2271 314 2327 b
338 2272 441 2328 Tacito
472 2294 630 2349 uxpnusam

79 2350 293 2425 laudatamque
311 2352 373 2426 jani
401 2352 524 2411 vidimus
545 2374 632 2432 snpra

82 2432 188 2490 Alinal.
205 2450 251 2491 is.
262 2438 311 2492 33.

120 2595 130 2620 ¹
152 2595 316 2653 Iudicatur
326 2597 400 2652 tuna.
415 2597 462 2652 De
474 2594 547 2651 novt
560 2593 629 2652 lund

82 2677 143 2732 viclo
162 2675 278 2734 lulium
293 2677 443 2746 Cusanum,
461 2674 534 2733 Ball.
549 2677 628 2735 Gall.

79 2775 101 2814 a.
114 2763 169 2816 50.
190 2756 343 2814 laudatum
357 2777 443 2834 supra
453 2776 517 2832 cap.
533 2765 561 2814 8.

118 2833 134 2862 ²
170 2837 307 2894 Cinnani.
340 2837 422 2896 Adoni
448 2838 567 2913 amiqua
600 2852 629 2896 et

76 2919 161 2994 apud
188 2937 285 2974 omnes
317 2918 438 2994 populos
463 2919 628 2994 pervulgata

78 2998 191 3055 lunaris
206 2999 351 3074 potcstatis
366 2999 452 3067 sama,
472 3017 537 3073 qua
550 3017 584 3054 ne
598 3000 628 3056 in

76 3079 137 3137 ln‘lc
150 3079 268 3155 quidem
280 3079 425 3138 literarum
441 3080 505 3135 lace
515 3080 628 3155 pentilus

76 3180 115 3215 ex
159 3160 310 3217 hominum
351 3161 453 3218 aiiiinis
487 3159 625 3219 exolicit!

79 3239 183 3308 Quam
207 3241 312 3298 insana
335 3241 404 3298 viros
424 3240 499 3297 luna
520 3241 625 3298 tribuo

78 3333 190 3388 rentur,
203 3322 267 3378 vide
279 3322 357 3397 apud
373 3321 506 3388 Plinium,
518 3339 555 3378 11.
565 3328 615 3389 99.

119 3396 133 3430 ³
154 3402 291 3460 Noctium
304 3411 474 3477 computant.
492 3403 557 3459 Hoc
572 3404 627 3478 pri·

76 3501 177 3539 nnaeia
198 3483 378 3559 antiquitatis
401 3495 626 3541 monumentum.

80 3563 146 3620 Nec
158 3562 177 3618 a
191 3563 303 3632 diebus,
312 3564 361 3620 scd
373 3562 391 3620 ὲ
404 3564 536 3620 noctibus
550 3585 627 3641 coep-

79 3655 110 3700 ta
122 3657 261 3720 tempora,
273 3644 377 3700 Ganos.
392 3661 414 3699 1.
432 3639 468 3700 5ss
489 3644 579 3711 Galli,
593 3662 626 3700 nt

79 3725 165 3781 cotan
186 3726 311 3792 barbari,
331 3725 360 3780 id
379 3724 472 3794 obliti,
491 3744 625 3782 teutanes

79 3805 98 3860 ui
111 3806 182 3863 Dite
191 3815 276 3880 putre
291 3813 448 3882 prognatos
458 3805 624 3881 pradicant,

78 3885 159 3960 inque
169 3887 187 3943 d
199 3887 360 3944 Drusiliana
367 3886 507 3960 proditum
517 3887 623 3944 dicunt.

80 3965 120 4021 Ob
133 3987 191 4024 cain
206 3988 316 4026 cunisam
338 3968 430 4043 spatia
451 3966 537 4024 omnis
558 3974 624 4023 tein-

75 4048 221 4120 potiusnon
235 4067 348 4105 nanneno
362 4047 478 4114 dicrum,
498 4047 547 4104 aul
560 4067 624 4104 nuc·

79 4129 145 4186 tium
161 4129 285 4204 finiunt,
312 4137 340 4185 ct
367 4128 425 4185 dica
450 4129 568 4192 nautales.
594 4138 623 4187 et

78 4210 206 4268 nuncium
220 4219 248 4266 et
264 4229 398 4267 annorum
416 4207 499 4266 initia
519 4209 560 4268 sic
577 4210 624 4265 ab·

79 4298 201 4356 sursunt,
224 4299 258 4347 ut
278 4299 384 4348 nactam
400 4290 459 4348 dies
476 4291 623 4365 subsequa·

79 4379 135 4438 tur,
147 4371 208 4428 Jul.
221 4372 325 4439 Caesar,
337 4369 411 4427 Bell.
425 4369 504 4428 Gall.
516 4388 561 4426 vi.
576 4376 621 4427 18.

115 4447 130 4478 ⁴
149 4449 197 4508 Sic
217 4452 375 4508 canidiriint.
408 4451 484 4508 (lum
499 4464 621 4528 teinpus,

690 2053 749 2109 quo
765 2033 835 2110 quid
857 2031 1017 2089 faciendam
1039 2030 1235 2101 constituunt;

690 2114 790 2189 quoin
808 2115 858 2188 jus
874 2112 1039 2168 veniundum
1057 2111 1233 2183 condicunt3

690 2214 746 2250 non
761 2204 802 2251 tol
817 2196 885 2261 dius,
897 2194 943 2249 sud
957 2206 1000 2251 toi
1013 2202 1118 2261 noctes,
1129 2192 1234 2251 consti·

691 2286 776 2331 luunt
794 2275 996 2331 condicuntve.
1038 2273 1085 2329 Sic
1107 2273 1136 2329 in
1160 2274 1234 2351 lnge

689 2354 797 2421 Saliclt,
824 2354 882 2411 Tit.
907 2370 1025 2410 xuvni.
1046 2352 1120 2410 inter
1144 2354 1233 2412 decenn

688 2446 791 2494 noctus.
832 2435 889 2491 'lic
911 2452 939 2492 1..
961 2434 989 2492 in
1012 2441 1105 2490 noctes
1128 2452 1181 2491 xi..
1203 2444 1232 2492 ot

686 2516 756 2577 alibi
777 2515 880 2592 passim
894 2523 986 2572 nactas
1007 2533 1057 2590 pro
1071 2513 1129 2571 dies
1151 2534 1232 2574 usur·

686 2607 803 2671 pantur.
1125 2641 1126 2644 ,

727 2673 801 2734 ’Ήι
825 2679 913 2736 turbu
931 2673 1047 2752 placuit,
1070 2674 1185 2743 Melius,
1199 2683 1232 2734 ut

685 2757 769 2814 turba
779 2758 899 2835 placuit.
942 2757 974 2814 ld
988 2765 1040 2824 est,
1052 2757 1119 2814 satis
1131 2774 1232 2814 nume·

684 2857 746 2894 rosa
763 2839 820 2896 visa
833 2851 883 2896 nst.
917 2838 992 2894 Vide
1005 2847 1064 2893 not.
1077 2849 1106 2892 ct
1119 2835 1229 2893 emund.

683 2919 720 2974 ad
734 2937 799 2996 cap.
816 2929 861 2977 ll.

725 2991 738 3024 ⁶
759 2999 913 3058 Considunt
932 2997 1044 3061 cannati.
1075 2994 1230 3072 Mediaque

683 3079 713 3136 in
734 3098 848 3158 campo.
891 3079 1002 3138 llorum
1024 3077 1120 3134 adbuc
1135 3077 1236 3133 conci·-

682 3159 787 3217 liornm
814 3171 926 3218 manent
951 3160 1068 3234 vestigia
1088 3156 1229 3213 immensis

683 3241 827 3316 lapidibus
860 3241 1025 3314 conspicua.
1080 3237 1155 3292 Vide
1183 3235 1229 3293 Cl.

684 3321 799 3390 Malloi,
823 3321 1020 3379 Introduction
1039 3319 1056 3376 d
1078 3316 1230 3374 t’ltistoire

683 3402 716 3459 de
731 3402 918 3466 Damnaret,
931 3421 958 3475 p.
974 3406 1029 3457 102
1040 3407 1067 3454 ot
1079 3417 1136 3472 seq.
1159 3397 1227 3456 Huc

682 3503 798 3558 qnoque
823 3483 999 3540 reni-endum
1028 3478 1139 3542 videtur
1167 3477 1229 3536 Bri·

683 3565 829 3621 tanniciim
845 3562 1028 3639 Stanelienge,
1045 3560 1106 3634 ⁸jain
1123 3578 1229 3618 niema-

681 3655 786 3710 ratum,
796 3649 871 3701 Ann.
882 3661 950 3701 xiv.
959 3645 1081 3720 cap.37.
1095 3649 1153 3697 not.
1163 3659 1228 3717 sup.

721 3720 733 3755 ⁷
755 3725 898 3784 Facundia
910 3733 962 3782 est.
978 3724 1086 3798 Magna
1096 3730 1138 3777 ost
1148 3721 1236 3798 apud.

682 3807 815 3862 barbanus
828 3803 995 3882 eloquentiae
1014 3805 1066 3860 iis.
1109 3802 1178 3858 lnde
1192 3802 1232 3859 de

681 3887 893 3944 Canadonsibus
905 3884 1019 3962 populis
1032 3883 1063 3940 P.
1072 3883 1228 3952 Crouxius,

681 3966 814 4025 Historia
834 3965 1014 4028 Canadensis,
1034 3983 1062 4040 p.
1085 3959 1134 4032 69.
1157 3961 1227 4028 Qui-

678 4049 775 4106 busest
784 4049 892 4106 dicendi
902 4047 943 4104 nis
951 4047 969 4104 a
978 4042 1083 4104 natural
1089 4064 1226 4115 concessu,

678 4129 857 4186 dominantur
884 4126 1022 4196 nimirum,
1049 4133 1225 4202 puoesuntqac

679 4210 789 4281 ceteris,
808 4209 943 4286 pluribus,
958 4205 1178 4283 punicioiibuane,
1193 4213 1225 4264 ut
1245 4209 1247 4214 '

678 4295 811 4368 cupasque
837 4294 928 4369 mcty‘or
952 4289 1076 4348 minorve
1100 4295 1143 4346 cst
1169 4287 1227 4346 clo·

679 4373 802 4447 quentin.
