2859 4950
237 332 297 396 602
547 330 669 392 NOTAE
690 328 743 391 m*
763 328 1093 393 EMENDATIONES

165 561 171 575 .
221 483 321 579 'sines
334 506 394 549 oue
407 484 446 547 of
463 485 548 548 these
562 487 688 551 forsook
702 486 786 563 thern
802 487 861 551 and
879 485 939 549 fled
959 508 1053 571 sinay,
1068 486 1138 568 they
1151 486 1306 571 suspected
1316 492 1359 556 and

237 598 390 661 therefore
412 594 503 659 tillet
525 595 577 659 tlte
598 596 687 661 other
709 594 802 660 tw0.’'
845 576 984 681 Murplry
1003 620 1136 685 quoque,
1159 602 1178 635 “
1195 597 1266 661 One
1279 601 1310 663 os
1323 602 1360 665 thr

162 704 171 719 ’
237 706 333 794 pilots
356 708 445 771 msde
467 706 513 771 bis
536 730 657 791 escape,
680 710 739 771 sud
762 708 915 792 suspicion
938 706 1043 793 falling
1065 730 1105 771 on
1129 708 1180 773 the
1203 710 1288 773 other
1305 726 1361 789 two,

238 820 309 901 they
322 839 402 881 were
416 818 493 881 both
506 817 597 882 killed
608 842 648 882 on
663 819 714 882 the
729 818 829 903 spot.'’
853 818 973 883 Eodem
989 840 1077 883 sensu
1092 818 1185 883 ceteri
1197 820 1361 905 interpretes.

285 926 552 993 Provellebuntur.
596 928 644 993 lts
668 929 791 1014 quidem
815 928 883 993 libri
909 929 991 994 editi.
1037 934 1082 994 At
1105 929 1135 993 iu
1160 929 1263 995 MSS.
1286 932 1361 995 Vatic.

234 1039 511 1127 praestimonium·
532 1052 563 1103 et
585 1038 615 1103 in
637 1040 772 1123 margine
799 1040 875 1105 MS.
891 1039 992 1105 Vatie.
1017 1049 1113 1113 3499.
1137 1041 1284 1120 additum,
1304 1040 1365 1105 aliur

240 1152 334 1217 habet
345 1151 570 1235 presbelrnntnr.
598 1150 692 1215 Certi
703 1150 827 1215 minime
838 1150 991 1236 inelegans
1007 1154 1085 1215 foret
1098 1154 1238 1229 verbum,
1244 1153 1365 1237 pruveli.

243 1260 435 1327 Britanniam
459 1262 541 1325 euim
563 1263 824 1347 pravehebantur.
872 1264 923 1327 Sic
945 1262 1062 1329 dictum
1084 1262 1197 1327 Annul.
1218 1284 1260 1327 ιι.
1274 1264 1303 1327 6.
1322 1262 1365 1351 qud

242 1372 370 1438 Rhenus
383 1372 586 1436 Germaniam
596 1371 794 1457 praevenitur.
957 1422 958 1427 1

287 1480 368 1545 Mos
381 1481 438 1547 tte
453 1496 544 1569 utque
559 1482 616 1547 illd
630 1483 724 1569 rapti,
739 1494 766 1547 et
782 1482 860 1549 alm.
905 1484 1060 1571 Corruptd
1075 1482 1153 1571 MS.
1173 1482 1278 1547 Vatic.
1291 1493 1364 1559 sust.

241 1606 275 1657 et
287 1592 435 1657 editiones
447 1607 574 1671 veteres,
589 1616 659 1658 mos
673 1574 842 1680 utinquam
857 1610 949 1684 atqste
963 1607 999 1661 ut
1013 1594 1070 1660 illd
1085 1594 1170 1679 rnpti
1182 1616 1290 1660 recum

288 1705 355 1769 Sne
377 1704 613 1792 definientium.
657 1704 852 1790 Pomponius
874 1708 979 1772 Laetus
999 1707 1030 1771 in
1045 1706 1181 1791 margine
1197 1704 1274 1769 MS.
1288 1706 1366 1769 Vetic.

244 1823 340 1887 ³429.
355 1815 576 1899 adscripsit„ut
588 1840 660 1892 sua3
683 1815 767 1902 qudd
781 1816 825 1881 sic
840 1816 896 1903 ipsi
913 1818 1058 1903 placeret.

291 1925 495 1990 Circumvccti
519 1926 735 1991 Britanniam.
779 1926 824 1991 Ut
838 1952 982 2015 magnum
998 1954 1033 1995 nc
1049 1928 1251 1993 memorabile
1266 1928 1367 2013 Usipie

243 2060 312 2107 tum
328 2036 446 2103 facinus
460 2038 639 2117 innotescat,
654 2038 827 2123 diligentiis
840 2040 1028 2128 exploranda
1042 2064 1149 2105 eorum
1161 2040 1320 2127 navigatio.

498 2793 503 2800 ¹
579 2801 583 2807 ·
629 2759 700 2830 DE
727 2759 1012 2832 USIPIORUM

327 2993 560 3064 COHORTE
583 2990 919 3060 BRITANNIAM
939 2992 1305 3064 CIRCUMVECTA.

291 3419 507 3485 Conon'rusr
535 3415 618 3482 illam
645 3413 828 3501 Usipiorum
854 3439 891 3482 ex
920 3415 1115 3484 Occidentuli
1144 3417 1306 3484 Britanuiae
1327 3407 1365 3479 orl

247 3531 371 3596 solvisse
393 3530 488 3594 innuit
508 3529 649 3608 Tacitus,
672 3529 764 3592 docet
787 3527 864 3610 Dio,
891 3551 990 3593 uxvr.
1014 3553 1047 3616 p.
1071 3539 1144 3601 754.
1171 3525 1379 3616 Ἐἔαναχθέπε;,

246 3642 450 3733 περιέπλευσαν
463 3647 501 3706 τὰ
519 3643 585 3730 πρὸς
606 3639 726 3729 {cripui
740 3637 827 3717 αᾶτῆς
848 3641 1060 3732 (rtemann).
1105 3641 1182 3706 Erat
1206 3641 1274 3706 saud
1292 3631 1365 3702 exiit

245 3753 356 3838 copiis,
370 3777 445 3840 quas
460 3752 607 3838 Agricola
621 3752 800 3817 instruxerat
813 3753 843 3817 in
858 3753 897 3817 ed
913 3753 1077 3819 Britannia
1092 3767 1190 3840 parte,
1198 3773 1265 3840 que
1276 3749 1365 3815 Hiber-

247 3866 327 3930 niam
343 3864 476 3948 respicit,
491 3878 527 3928 ut
541 3865 655 3928 dictum
670 3881 716 3929 est
731 3887 822 3951 supra
836 3888 905 3951 cup.
920 3874 973 3930 24.
1016 3863 1095 3930 Tres
1109 3863 1270 3930 liburnicas
1284 3856 1364 3924 furdn

245 3975 418 4056 ascendere,
432 3973 518 4040 nulld
532 3975 693 4060 sturigandi
707 3990 781 4056 arte,
801 3989 832 4042 et
854 3977 891 4040 ed
914 3989 1012 4055 aetate,
1032 3977 1095 4064 qud
1111 3977 1158 4040 rel
1180 3976 1255 4041 iuter
1275 3969 1364 4059 peritos

246 4103 310 4153 erat
324 4088 443 4171 exigua.
489 4069 801 4172 [incinerantur
822 4088 932 4152 fluctus
952 4081 1118 4174 ventusque
1138 4111 1191 4154 eos
1210 4073 1362 4160 senebaudi

247 4227 300 4265 esu
314 4202 392 4264 τότε
407 4205 495 4282 κῦμα,
512 4200 559 4263 xxl
576 4197 702 4283 ὁᾶνιμος
718 4201 818 4275 αὐτοὺς
834 4199 924 4290 ἔφερε,
948 4199 1023 4280 Dio,
1038 4199 1111 4264 ibid.
1130 4201 1230 4265 versds
1251 4199 1359 4280 Septen·

247 4309 405 4375 trionalem
422 4309 589 4376 Britanniae
605 4325 724 4396 partem
739 4311 876 4375 tendunt.
901 4309 982 4377 Cum
995 4335 1079 4378 oram
1090 4309 1232 4397 legerent,
1241 4330 1290 4373 nec
1300 4297 1358 4366 slfft

248 4419 1357 4512 ceremcommeatus,congressisuntcumplerisquessritmnorumnemt‘
