2859 4950
36 254 119 358 sse.
133 294 192 364 07.
291 298 402 357 Lisai
424 266 575 357 bacini
596 298 715 359 snx‘n
736 298 976 367 lunanum.
1148 290 1207 371 469

36 452 274 525 “Achaiam
309 452 479 525 liberam’'
513 451 734 550 pronuntiat3
774 453 1036 553 judicibusqae¹
1075 452 1209 529 civitate

37 568 214 641 Romania
228 586 263 641 et
272 568 395 667 grandi
407 569 553 665 pecunid
566 573 579 602 ²
596 570 742 660 donans,
758 570 939 643 indecoros
951 570 1040 642 inter
1055 572 1207 669 plausus,

36 683 149 757 haud·
162 684 290 781 quales
307 684 390 757 olim
412 688 457 759 T.
470 687 662 760 Flaminio³
679 685 827 777 auditos,
850 710 975 760 navem
996 688 1207 777 conscendit,
1239 770 1242 785 1

36 799 178 872 Italiam
196 800 418 897 repetiturus.

395 1154 440 1223 A.
456 1152 506 1225 U.
522 1153 564 1227 c
586 1164 669 1226 aar.
695 1156 726 1228 J.
743 1156 864 1263 aaa.

90 1391 155 1455 63.
184 1384 285 1453 Tura
304 1383 462 1457 consules
478 1403 574 1459 erant
591 1388 634 1461 C.
653 1385 755 1461 Silius
770 1385 906 1459 Italicus
923 1403 956 1459 et
973 1390 1027 1460 M.
1046 1366 1207 1473 Galerius

41 1497 268 1586 Trachalus3
293 1499 379 1571 alter
394 1498 529 1595 poeticis
545 1500 734 1590 facultate,⁴
750 1502 835 1573 alter
850 1499 978 1575 forensi
994 1502 1207 1600 eloquentid⁵

41 1633 170 1687 notus:
200 1631 352 1711 uterque
377 1610 495 1688 favore
519 1616 698 1714 Principis,
724 1616 825 1690 Silius
848 1604 1100 1707 delationibus,⁶
1123 1618 1208 1690 invi·

42 1757 112 1804 sus.
167 1729 327 1803 Narnia
352 1731 453 1805 Urbe
477 1754 550 1805 non
573 1758 664 1829 spes,
688 1756 760 1805 non
782 1750 860 1805 vota
882 1733 1032 1829 amplius
1059 1733 1205 1806 occulta.

43 1846 193 1919 Plurimi
203 1845 350 1919 adversi
363 1863 562 1943 tempestate
579 1848 791 1945 turbidoque.
797 1847 882 1922 mari
892 1848 1069 1921 imminere
1078 1846 1208 1922 Princi-

43 1962 77 2057 pi
107 1962 310 2060 periculum
339 1963 452 2059 palam
481 1965 710 2056 latabantur,⁷
735 1964 878 2039 exitium
907 1960 1047 2063 quoque
1076 1950 1208 2061 precati

43 2079 127 2151 ausi.
182 2079 225 2150 ln
260 2078 393 2152 luctum
420 2082 554 2156 vertdre
579 2082 715 2183 gaam,
740 2084 826 2157 edm
853 2080 1030 2180 Princeps,
1054 2078 1207 2179 procelli

85 2329 95 2355 ¹
119 2332 337 2409 Judicidnsqne.
381 2332 536 2393 Ludorum.

87 2408 101 2434 ²
122 2413 241 2471 Grandi
253 2413 380 2490 pertarid.
414 2416 531 2474 Sueton.
546 2416 601 2476 loc.

49 2493 98 2550 cit.
150 2496 276 2564 Quanta
301 2497 387 2554 tuerit
411 2498 603 2574 prodigalitas,

49 2573 112 2630 iude
132 2575 205 2633 licet
228 2576 386 2651 conjicere:
409 2576 476 2634 edm
491 2579 600 2655 auriga-

51 2665 90 2711 nt
104 2654 245 2733 Olympiis
258 2658 452 2734 decemjngenr‚
474 2679 602 2717 excreatus

51 2753 143 2802 curru,
178 2757 214 2794 ac
244 2755 343 2794 rursus
370 2739 518 2814 repositus,
540 2740 601 2797 edm

48 2817 206 2888 perdurare
219 2838 275 2875 non
286 2826 389 2894 portet,
411 2819 521 2876 destitit
534 2829 600 2878 ante

50 2895 214 2954 decursum?
238 2917 289 2954 nec
302 2897 332 2954 ed
344 2897 433 2956 recids
452 2909 601 2958 coronatur

52 2985 100 3032 est.
143 2977 266 3036 Sueten.
286 2977 342 3036 loc·
359 2979 409 3036 cit.
452 2979 602 3048 Quamob-

54 3072 107 3113 rem
133 3058 344 3127 Ilellanodicis,
374 3079 424 3115 scu
440 3060 601 3135 judicibus,

53 3136 138 3193 decies
151 3137 325 3209 sestertiirn,
338 3139 427 3217 Angl.
443 3141 545 3199 83331.
558 3137 602 3204 (is.

55 3217 202 3275 adtulit.
247 3220 314 3287 Dio,
337 3237 435 3278 nxrrr.
448 3239 477 3296 p.
492 3229 562 3288 721.

91 3291 160 3356 ³T.
191 3297 339 3358 Flaminio·
395 3301 455 3369 Qui
490 3303 603 3360 devicto

55 3375 198 3455 Philippo,
223 3380 419 3438 Macedonum
433 3391 510 3458 rege,
521 3382 603 3440 Grae·

56 3457 508 3521 ciamiulibertatemvindicavit.
531 3463 601 3520 llaec

56 3534 176 3609 libertas,
197 3560 250 3618 per
271 3539 395 3597 solemne.
416 3543 601 3600 lsthmiorum

56 3614 198 3704 ludicrum
225 3623 363 3699 praconis
385 3641 454 3678 voce
475 3641 601 3700 pronun-

57 3707 133 3784 tiata,
142 3703 228 3759 tantis
242 3702 480 3780 applaudentium
495 3703 605 3760 elamo-

58 3780 131 3836 ribus
153 3789 277 3859 excepta
289 3795 340 3854 est,
361 3794 395 3840 ut
409 3784 498 3854 corvi,
518 3803 605 3861 supra

58 3859 178 3918 stadium
194 3863 332 3932 volantes,
352 3863 381 3918 in
403 3876 504 3920 terram
526 3865 602 3921 deci·

60 3935 170 4011 darent,
180 3957 300 4002 auctora
314 3943 479 4015 Plutarcho,
494 3945 523 4002 in
538 3945 602 4005 Fla·

60 4019 124 4077 inin.
138 4041 165 4096 p.
179 4029 240 4090 374
252 4038 351 4102 etseq.

77 4095 110 4187 Ι*
142 4102 258 4163 Poeticd
280 4105 440 4184 facultate.
492 4105 602 4163 Extant

61 4193 118 4248 ejus
129 4201 224 4258 opera,
246 4187 408 4264 Imperante
423 4185 601 4255 Domitiano,

62 4259 202 4328 publicam
216 4266 245 4322 in
258 4267 354 4329 lucem
373 4267 485 4325 emissa.
525 4269 602 4333 Ante

63 4342 236 4404 consulatum
274 4347 443 4425 eloquentia
485 4345 603 4424 foroque

64 4431 172 4491 operam
205 4426 298 4487 dedit:
337 4429 414 4487 unde
448 4427 603 4501 Martialis,

657 2336 755 2414 Epigr.
769 2354 826 2393 vn.
841 2332 890 2395 61.

658 2517 767 2567 Perpetui
775 2526 901 2566 alemanam
907 2515 1021 2555 mortem
1027 2498 1143 2554 botnmtna
1153 2511 1204 2560 Sili,

685 2578 730 2618 Qui
739 2575 799 2626 legis.
812 2581 833 2614 ct
844 2575 911 2614 Laeta
920 2573 1026 2614 earmina
1034 2575 1105 2622 digna
1115 2570 1175 2622 togd,

657 2635 744 2674 Ptcrloe
752 2633 843 2674 tantam
852 2635 900 2673 vati
907 2634 1019 2684 plac-aisse
1029 2643 1123 2672 recessus

684 2695 768 2739 cndu.
781 2698 803 2732 ct
812 2694 888 2734 Aonia
900 2691 1012 2732 aaronica
1021 2695 1081 2731 serta
1091 2701 1164 2730 mnia.

657 2753 730 2793 Socra
739 2752 871 2792 cotdirrnnti
881 2762 927 2790 non
937 2752 1015 2802 ntttgtt
1025 2754 1078 2790 anta
1088 2747 1198 2795 narona,

688 2812 792 2862 Implevit
802 2811 880 2861 ningat
890 2810 960 2860 pedm
969 2809 1083 2850 Ciceronis
1092 2819 1155 2858 υρω.

657 2867 726 2909 Hanc
740 2871 842 2911 miratur
856 2869 932 2910 adnue
947 2873 1037 2910 centnm
1048 2867 1125 2918 merois
1139 2867 1206 2906 nasto

707 2939 825 2968 virorum:

685 2987 752 3026 Hisne
761 2988 939 3037 loquunrgrato
945 2986 1063 3036 plurimus
1071 2993 1109 3024 ore
1118 2985 1195 3023 etam.

658 3045 780 3097 Postqredm
788 3045 880 3085 biennis
890 3043 1108 3094 ingentemsnrctbas
1116 3052 1206 3092 annam

683 3105 785 3150 Rarerot.
799 3109 880 3144 mrcrto
889 3106 928 3155 prat
937 3113 1000 3142 sacar
1008 3103 1116 3152 orbesutt
1122 3116 1130 3141 :
1175 3109 1176 3112 ’

657 3161 768 3204 Emeritos
778 3163 854 3210 unsa,
867 3166 888 3202 et
899 3161 979 3202 Panno
988 3161 1088 3200 tradidit
1098 3159 1193 3205 oteness

655 3275 659 3282 Ι
682 3223 772 3273 Proque
781 3233 821 3262 suo
830 3221 926 3261 celebrat
935 3230 998 3259 nnnc
1009 3219 1118 3259 Helicona
1124 3219 1190 3266 soro.

697 3377 707 3412 ⁵
731 3377 910 3456 Eloquentid.
951 3373 1090 3440 Trachali
1106 3373 1205 3432 laudes

658 3463 722 3518 vide
744 3462 821 3536 apud
851 3458 1073 3529 Quintilianum,
1105 3455 1205 3514 lnstit.

652 3543 740 3617 Orat.
762 3561 792 3597 x.
812 3549 836 3597 1.
881 3541 951 3616 Ejus
974 3558 1090 3617 quoquo
1112 3536 1205 3594 latum

658 3637 687 3680 et
697 3641 798 3680 sonans
811 3621 923 3678 dicendi
937 3640 1025 3698 genus
1035 3619 1136 3679 laudat
1147 3615 1206 3674 'Pa-

659 3705 743 3771 citus,
766 3702 843 3758 llist.
858 3721 880 3758 1.
895 3707 945 3774 90.

697 3777 710 3810 ⁶
725 3781 932 3840 Delatinnr'lrus.
959 3777 1056 3856 Quam
1071 3779 1206 3838 anticulum

657 3865 760 3927 ueteris
774 3863 920 3928 industria
938 3861 1072 3920 tondaldti
1084 3860 1141 3918 otio
1155 3859 1207 3915 ab·

657 3944 724 4002 luit.
764 3943 889 4022 fuitque
901 3943 976 4006 inter
985 3941 1126 4019 principes
1139 3936 1208 3997 civi·

659 4025 729 4088 tatia
755 4025 814 4085 sine
840 4022 975 4102 potentid.
1000 4024 1060 4082 sine
1088 4015 1206 4089 tentata,

661 4105 735 4168 Plin.
748 4123 798 4172 111,
815 4105 868 4182 Ep.
882 4111 909 4172 7.
952 4104 1025 4162 Tota
1050 4101 1111 4158 haec
1134 4098 1207 4176 epis·

641 4187 720 4252 tola
747 4187 782 4248 do
807 4193 898 4242 morte
921 4199 949 4244 et
972 4182 1107 4242 laudibus
1132 4177 1205 4250 Silii,

661 4266 739 4326 lectu
754 4267 849 4342 digna.

662 4343 720 4493 7οὲ
735 4345 928 4406 Lotobantnr.
971 4344 1040 4411 Dio,
1061 4359 1159 4402 auur.
1174 4359 1205 4420 p·
