2859 4950
254 272 294 333 72
615 260 649 317 C.
670 256 868 318 conuuuu
887 256 1025 315 unct'rl

254 414 429 503 tionibus,¹
449 436 524 487 non
546 410 702 511 precario
724 414 803 510 jure
828 410 990 507 parendi:
1003 415 1081 485 ‘uec
1107 432 1216 499 mu,
1240 428 1280 486 ut
1300 413 1385 511 apud

255 550 388 606 ceteros
405 533 614 617 Germanos,
628 528 666 601 in
680 526 892 625 promiscuo,
908 526 969 599 sed
985 525 1175 601 clauuasub
1192 530 1344 618 custode,
1358 550 1387 617 et

255 648 397 745 quidem
424 650 571 721 servo:²
603 644 843 743 quiasubitos
873 644 1024 717 hostium
1056 643 1213 723 incensus
1241 645 1388 743 prohibet

240 765 428 837 ‘Oceanua
480 762 612 835 otiosa
644 762 753 858 porro
783 778 994 835 armatorum
1021 762 1143 834 manua
1169 758 1272 835 tacite
1302 761 1386 835 tasci-

254 880 372 953 viunt:
415 877 593 952 enimvero
627 902 741 976 neque
774 878 939 967 nobilem,
971 902 1085 977 neque
1116 878 1321 977 ingenuum,
1350 900 1385 951 ue

255 996 451 1069 libertinum
467 996 609 1093 quidem
623 994 728 1068 armis
743 1018 945 1094 praeponere
959 994 1056 1095 regia
1072 994 1196 1069 utilitas
1212 1010 1275 1067 est.

305 1240 364 1301 45.
390 1230 530 1300 Tnnus
543 1226 689 1301 Suionas
699 1226 792 1300 aliud
809 1252 903 1301 mare
914 1230 924 1270 ³
937 1226 1090 1327 pigrum,
1103 1251 1141 1299 ac
1155 1251 1266 1323 prope
1278 1224 1384 1299 immo

253 1360 342 1431 tunt,
359 1367 430 1441 quo
446 1342 537 1439 cingi
553 1343 715 1441 cludique
731 1361 900 1416 tertarum
917 1345 1039 1417 orbem
1051 1341 1130 1415 hinc
1147 1344 1279 1415 fides2⁴
1302 1340 1385 1439 qudd

253 1476 430 1531 extremus
454 1458 604 1531 cadentis
625 1460 698 1556 jam
724 1458 813 1531 Solis
839 1456 957 1557 fulgor
981 1458 1018 1531 in
1034 1476 1130 1533 ortus
1146 1460 1282 1546 edurat,
1309 1454 1384 1529 adeo

253 1574 379 1663 clarus,
413 1592 452 1645 ut
484 1574 595 1647 sidera
626 1574 774 1647 hebetet.
826 1576 960 1649 Sonum
991 1574 1131 1671 insuper
1170 1572 1385 1670 emergentis⁵

252 1685 389 1779 audiri,⁶
413 1688 612 1786 formasque
639 1690 828 1779 Deorum,⁷
855 1706 889 1763 et
915 1690 1028 1763 radios
1053 1686 1169 1787 capitis
1196 1686 1298 1787 aspici
1321 1710 1384 1783 per·

252 1806 365 1879 suasio
381 1805 504 1904 adjicit.
554 1805 641 1877 llluc
659 1832 769 1903 usque
780 1848 785 1859 ·
796 1810 848 1905 (et
863 1805 956 1879 fama
970 1804 1070 1899 veta)
1096 1805 1236 1879 tantum
1251 1794 1383 1877 natura'

294 2076 304 2103 ¹
342 2078 563 2154 Exceptionibur.
599 2078 643 2137 lbi
667 2096 799 2156 supremo
852 2082 888 2139 ad
909 2082 1110 2139 astronomicas
1133 2080 1266 2137 rationes.
1307 2076 1384 2135 iubis

254 2178 351 2235 regum
394 2171 529 2237 potestas:
565 2158 652 2215 nullae
694 2160 798 2237 legum,
852 2163 925 2219 enim
958 2176 1095 2219 termium
1130 2160 1234 2217 finibus
1256 2168 1385 2215 extremus

254 2240 341 2298 nuiiae
355 2240 493 2297 libertatis
503 2239 694 2315 exceptiones.
718 2242 797 2299 Unde
852 2243 977 2301 cudentis
998 2242 1072 2300 Solis
1093 2240 1186 2317 fulgor
1205 2258 1295 2315 usque
1313 2238 1339 2294 in
1350 2254 1386 2291 or·

200 2388 203 2405 Ι
254 2321 302 2379 Ci,
317 2326 432 2398 spontin,
447 2320 563 2377 Notitia
579 2320 738 2379 Gemanin.
751 2344 799 2379 un·
853 2332 907 2390 tus,
918 2322 961 2379 vel
976 2324 1003 2379 in
1015 2322 1242 2391 ortum,edurat‚
1254 2338 1308 2376 uon
1318 2314 1384 2393 qudd

253 2400 346 2480 tiquce‚
361 2421 391 2459 v.
402 2409 432 2467 7.
446 2420 473 2478 p.
487 2406 552 2465 177.
566 2400 641 2458 recte
654 2404 799 2461 existimat
852 2402 890 2459 ibi
905 2404 942 2460 sit
963 2414 1072 2459 naturae
1087 2401 1233 2470 tenuium,
1254 2399 1301 2457 ard
1319 2394 1384 2467 qudd

254 2487 331 2558 apud
356 2483 477 2542 Suionas
489 2501 603 2558 regnum
615 2483 712 2560 'truse
726 2489 798 2562 jure
853 2495 932 2541 terrae
946 2485 984 2542 ibi
1002 2484 1206 2561 protendantur
1220 2483 1255 2538 ud
1279 2479 1383 2556 gradum

254 2563 433 2634 hereditario,
446 2581 501 2618 non
513 2561 578 2618 voro
588 2562 686 2620 datum
696 2561 798 2642 populi
853 2571 902 2630 72.
921 2583 955 2623 oc
970 2565 1086 2642 proinde
1100 2563 1176 2620 ultra
1190 2561 1332 2620 circulum
1344 2573 1384 2632 po·

253 2643 411 2703 electione.'
445 2641 521 2698 Num
533 2645 588 2718 jur
603 2646 723 2718 parendi
734 2665 800 2720 pre·
853 2644 939 2703 lurein
955 2645 1117 2712 Arcticum,
1129 2646 1266 2719 subquo‚
1278 2643 1304 2698 vi
1318 2637 1385 2696 Sola·

253 2725 360 2782 carium
373 2726 487 2816 uinitori
505 2741 610 2798 temper
623 2724 698 2800 regis
711 2723 801 2800 aequi·
853 2726 889 2783 ris
912 2725 1021 2818 curado,
1047 2725 1143 2800 viginti
1166 2735 1298 2814 quotuor*
1316 2721 1385 2776 horus

233 2807 490 2944 ωςεξὲζζωῗδί
518 2882 591 2938 enim
612 2880 683 2939 servi
711 2899 800 2958 supra
852 2796 1386 2956 ddicstsvildeedddictddiridddedtidddfftd·

253 2967 397 3042 ingenuos,
423 2981 511 3040 supra
534 2963 643 3019 nobiles
668 2963 800 3020 ascende·
849 2965 1129 3043 gropdiogeneralia,
1146 2981 1181 3021 11.
1196 2969 1245 3022 25.

253 3048 331 3104 bunt.
373 3046 447 3102 Vide
460 3063 546 3120 supra
560 3061 624 3119 cap.
640 3047 686 3101 25·
892 3043 1112 3123 'Emergentia
1147 3045 1255 3102 Melius
1289 3041 1384 3098 immer-

293 3119 417 3182 ’Aliud
428 3143 512 3182 more.
535 3123 622 3192 Quod
632 3122 800 3200 vulgddici·
849 3125 953 3204 gentis,
978 3127 1022 3183 vel
1048 3145 1077 3184 re
1109 3125 1273 3202 mergentis.
1320 3114 1385 3175 Vidi

253 3225 318 3264 mus
345 3206 391 3263 the
417 3205 524 3263 Fruzen
550 3203 652 3261 Oceon.
695 3205 800 3261 Praeter
851 3219 910 3265 not.
925 3206 1122 3264 otemend.ad
1137 3209 1265 3280 τεμῶ.

253 3286 340 3363 quim
353 3285 432 3362 qudd
453 3283 575 3342 Borealia
588 3303 652 3360 puta
664 3284 798 3359 sinusque
892 3282 906 3314 ⁶
927 3288 1044 3344 Audiri:
1069 3287 1106 3344 Ut
1133 3285 1238 3342 ferrum
1263 3278 1382 3340 candens

253 3369 338 3426 maris
358 3365 482 3434 suevici,
501 3365 547 3422 the
567 3364 715 3422 Nortiern
730 3372 798 3440 part
851 3368 892 3426 sic
914 3365 1007 3425 Solem
1028 3367 1173 3424 stridendo
1193 3381 1283 3441 aquus
1301 3356 1384 3417 subire

252 3447 290 3583 pp
297 3447 342 3583 Ze
353 3445 457 3581 mid
466 3443 530 3581 Spu,
538 3447 606 3583 padi
615 3445 662 3501 tte
675 3445 755 3581 gutlji
769 3443 804 3534 ⁰.f
852 3449 1066 3586 opinabantup⁸⁰
1084 3446 1165 3504 Unde
1178 3441 1331 3508 iuvenalis,
1343 3435 1384 3492 Sa·

281 3548 296 3583 ο
330 3545 377 3585 ma
401 3547 436 3583 on
508 3547 536 3582 m
566 3547 614 3595 n,
646 3541 798 3600 quoannu
852 3535 1024 3586 tr.x1v.2
1069 3569 1076 3584 .

252 3609 354 3684 frigore
366 3617 393 3663 et
406 3606 497 3682 glacio
510 3606 551 3663 itu
563 3608 680 3682 rigeant,
693 3615 728 3661 ut
739 3604 798 3661 siue
864 3547 882 3604 y

253 3687 385 3745 maximis
403 3683 631 3753 difficultatibus,
653 3698 722 3744 teste
735 3705 800 3740 eru·
859 3701 943 3741 nuum
953 3701 1063 3742 nemaeo
1071 3691 1378 3750 mmmmm

252 3770 313 3826 dito
326 3766 505 3836 Rudbeckio‚
517 3767 674 3835 Atlantico,
688 3787 716 3842 p.
728 3770 797 3822 323.

251 3850 371 3908 navibus
395 3848 467 3905 adiri
495 3865 551 3904 non
577 3846 683 3924 possint
691 3867 700 3913 3
733 3843 799 3902 Sui·
853 3842 945 3919 quue
966 3841 1082 3917 vulgare
1101 3839 1179 3916 apud
1202 3847 1304 3918 poetas,
1323 3829 1381 3889 curu

251 3931 365 3999 ouibus,
398 3930 449 4006 qui
483 3927 621 3984 classibus
655 3925 796 3996 valebant,
851 3939 986 3980 occasum
1002 3921 1075 3979 Solis
1089 3921 1262 3979 describunt.
1346 3987 1351 3998 .

252 3999 429 4086 compertum
444 4025 559 4084 quoquo
572 4005 627 4062 tuit
640 4023 718 4063 mare
739 4004 799 4080 gia·
892 3996 905 4034 ⁷
927 4001 1094 4078 Formorpue
1121 4001 1254 4060 Deorum.
1288 3985 1381 4078 Multis

252 4089 335 4160 ciale,
368 4089 457 4166 quod,
488 4087 568 4144 'ultra
599 4085 720 4162 gundum
750 4091 797 4142 81.
841 4081 1008 4160 formasque
1028 4101 1176 4160 equorum:
1200 4083 1227 4138 ni
1250 4073 1382 4148 foruju-

251 4181 348 4229 aestate
362 4170 405 4226 vei
419 4169 530 4244 hyeme,
544 4165 638 4222 nullas
651 4185 736 4222 navos
749 4165 798 4222 ad·
851 4182 909 4222 mar
922 4162 1047 4221 Deorum
1061 4161 1187 4238 occipias
1207 4163 1241 4218 de
1259 4159 1381 4233 Neptuno

251 4252 349 4309 mittit.
401 4247 478 4306 Vide
503 4245 635 4303 eumdem
665 4245 799 4304 Rudbec·
851 4242 970 4319 aliisque
983 4242 1098 4300 murinis
1120 4243 1188 4300 Deis
1210 4239 1300 4301 Solem
1313 4243 1380 4288 effi·

250 4333 344 4398 iiium,
357 4329 414 4386 ioc.
428 4327 479 4386 cit.
492 4345 522 4403 p.
537 4331 607 4394 359.
851 4324 1003 4400 pientibus.

291 4409 306 4442 ⁴
326 4409 406 4467 Hinc
416 4408 505 4485 fider.
539 4407 644 4466 Porum
669 4403 798 4484 apposite
891 4399 902 4434 ⁸
925 4401 1048 4460 Tontdm
1070 4407 1182 4461 natura.
1204 4402 1249 4459 Ita
1269 4395 1302 4453 de
1316 4387 1379 4446 Oce
