2859 4950
55 341 129 411 tc.
144 348 200 403 41.
377 340 488 405 Ltsttt
509 340 617 403 NONl
638 332 881 406 ANNALIUM.
971 398 973 403 .
1095 368 1097 375 ·
1160 338 1219 407 861

52 506 200 605 jamque
230 494 351 572 adulti
376 496 586 590 adulatione,
609 521 683 573 non
699 514 739 573 ut
756 498 831 575 Caii
855 494 1068 590 interfector,
1093 501 1154 575 sed
1182 514 1223 577 ut

56 616 279 691 nefariorum
306 616 476 692 advusus
502 616 690 691 Claudium
715 615 939 690 consiliorum
957 612 1074 707 'reus,¹
1112 617 1222 715 capite
1267 626 1270 633 ⁴

56 735 260 807 damnatur.
311 731 503 821 Interritus,
537 756 582 805 ne
612 748 744 805 mutato
771 733 913 830 quidem
942 733 1062 808 vulttts
1090 735 1221 824 colore,

56 850 291 947 lupumque,
316 863 356 921 ut
383 846 556 939 facinoris,
581 849 627 922 ita
651 873 767 948 poenae
792 849 938 939 socium,
963 850 1024 923 sed
1049 874 1120 925 non
1142 850 1221 925 satis

56 962 202 1058 fortem,
227 964 275 1036 ad
289 965 540 1039 firmitudinem
556 967 741 1057 hortatus,²
766 966 971 1063 supplicium
993 966 1086 1055 adiit,
1107 966 1221 1067 jussit-

57 1106 125 1177 que
149 1104 400 1177 percussorem
429 1090 455 1128 “
473 1086 611 1173 eodem,
636 1110 708 1181 quo
726 1083 851 1157 Caium
874 1101 1080 1180 peremerat,
1104 1082 1220 1182 gladio

57 1204 81 1239 “
106 1197 208 1270 uti.''³
264 1197 325 1271 Ad
345 1214 495 1276 mortem
511 1199 558 1272 sic
573 1183 780 1288 obduratus,
804 1221 876 1271 uno
892 1198 962 1272 ictu
979 1198 1217 1271 obtruncatur.

56 1314 177 1410 Lupus
208 1312 347 1387 minore
375 1314 578 1404 constantii,
603 1314 754 1411 repetitis
779 1313 902 1389 ictibus
928 1312 1117 1387 trucidatus
1141 1318 1219 1387 est*

56 1428 219 1519 Sabinae,
246 1428 348 1503 venii
374 1446 409 1502 et
435 1430 612 1527 dignitate,
637 1456 717 1528 quae
739 1428 769 1501 ei
792 1427 895 1525 fuere·
919 1428 1057 1517 oblatoe,
1082 1428 1217 1525 spretis,

55 1544 194 1639 seipse
220 1543 420 1621 interemit:
445 1545 629 1644 indignum
657 1550 779 1635 ratus,⁵
803 1544 832 1619 si
860 1544 1019 1619 Chaereae
1044 1562 1216 1643 superstes
1297 1618 1299 1622 .

57 1666 201 1737 nveret.'

103 1900 159 1966 16.
187 1892 407 1983 Parucers,
436 1918 515 1967 eam
543 1890 766 1966 morientium
794 1882 983 1965 ferociam⁶
1010 1890 1153 1980 veritus,
1177 1890 1218 1965 in

55 2008 243 2081 atrociores
274 2008 399 2083 milites
426 2010 722 2099 animadvertere,
752 2025 939 2097 senatores,
969 2006 1121 2105 aliosque
1149 2005 1213 2081 sibi

55 2119 202 2197 infensos
232 2124 409 2199 beneficiis
436 2126 658 2211 demulcere:
698 2122 851 2197 necdum
873 2123 952 2197 vitae
980 2123 1213 2221 potentiaeque

55 2260 209 2329 securus,
252 2228 438 2329 omnibus,¹
469 2225 530 2339 qui
570 2238 747 2313 salutaturi
784 2238 936 2329 adirent,
976 2238 1213 2316 acerbissimos

53 2370 261 2431 scrutatores
273 2356 447 2457 adponere
452 2384 465 2451 3
480 2362 493 2404 ⁷
513 2378 559 2429 ne
570 2354 726 2435 convivia
742 2355 884 2452 quidem
893 2353 993 2442 inire,
1009 2352 1073 2425 nisi
1089 2378 1211 2453 specu·

91 2613 314 2681 'Consiliorum
338 2643 413 2682 reus.
454 2623 525 2691 Dio,
554 2643 604 2684 Lx.
653 2625 691 2684 du
706 2611 782 2682 euim
796 2622 923 2681 Cltaereae
944 2627 1136 2698 parentatum,
1157 2636 1208 2696 po·

54 2713 79 2770 1¹·
94 2695 162 2760 666.
207 2705 242 2762 ld
258 2721 374 2781 qnoque
396 2705 489 2762 innuit
502 2707 604 2764 Sueto·
654 2705 742 2781 pulus
758 2705 905 2762 Romanus
918 2719 972 2758 sua
986 2700 1123 2758 libamina
1145 2701 1227 2780 ipss,

54 2779 154 2838 uiusin
167 2783 279 2842 Claud.
291 2801 336 2842 x1.
377 2783 511 2844 Tribunis
522 2786 602 2844 ntur
655 2785 766 2856 attulit,
782 2784 909 2858 testeque
922 2781 951 2838 iu
965 2781 1057 2858 ignem
1072 2780 1205 2856 conjecit,

52 2873 82 2912 tc
104 2864 314 2922 centurionibus
332 2863 430 2940 paucis
442 2865 457 2923 ὲ
471 2871 603 2944 conjuro·
654 2887 738 2924 orons
753 2886 786 2922 ne
800 2867 832 2922 ub
847 2865 990 2940 ingratum
1008 2864 1069 2938 ψη
1086 2862 1204 2921 uniruum

52 2943 179 3000 tommin
195 2943 421 3005 Cuiumuurnero
434 2946 601 3018 intermittis,
650 2954 836 3004 succenseret.
873 2938 1205 3017 ‘tulusuldpnmonsl-

52 3024 158 3097 exempli
178 3027 266 3083 simul
284 3025 369 3084 caut
382 3034 410 3084 et
428 3026 502 3103 quos
522 3047 599 3086 suurn
650 3026 706 3083 lem
722 3047 789 3085 cum
804 3025 930 3098 Coceejo
943 3021 1081 3096 turipum)
1092 3017 1151 3079 sim
1161 3027 1204 3089 nst,

53 3115 152 3177 Μαι
169 3109 272 3166 cedern
291 3107 480 3184 depopuscisse
499 3127 601 3186 cugno-
649 3109 681 3170 n
695 3106 770 3163 uiris
782 3103 924 3185 ὲχαςιςίας
937 3103 1141 3181 augauniae.

53 3189 137 3238 illal-
691 3182 905 3244 ⁷Scrututures
931 3186 1080 3259 adponere.
1123 3185 1204 3241 Prin-

86 3255 285 3324 ²Hortatus.
333 3267 433 3326 Vestes
454 3270 598 3342 exuendo,
650 3267 723 3344 cipis
751 3280 867 3325 terrores
893 3263 1029 3341 graphice
1067 3264 1202 3324 describit
1248 3298 1253 3303 ·

52 3336 115 3396 edm
133 3343 168 3399 de
182 3344 286 3422 frigore
306 3360 473 3424 quereretur
487 3351 598 3427 Lupus,
648 3347 803 3406 Suetonius
824 3348 853 3404 in
868 3343 974 3406 Claud.
996 3359 1100 3400 xxxv.
1144 3343 1202 3402 Ni-

52 3433 112 3476 enm
125 3423 281 3484 adlocutus
292 3427 498 3503 charranait:
514 3431 599 3489 Muc-
648 3428 689 3488 lil
707 3428 782 3506 equi
801 3429 883 3504 quim
903 3425 1016 3482 timidus
1031 3441 1063 3480 uc
1077 3423 1201 3501 diffident

52 3505 77 3584 te
88 3502 184 3563 animo.
206 3507 283 3584 Lupi
289 3527 343 3568 non
352 3507 460 3588 algent.
479 3509 597 3590 loseph.
636 3509 714 3588 fuit.
751 3509 856 3566 Primis
868 3505 976 3582 imperii
990 3504 1093 3571 diebus,
1108 3525 1203 3581 quum-

54 3579 116 3638 ¹bld·
527 3621 543 3654 ς
647 3609 739 3667 quani,
761 3599 794 3649 ut
816 3589 944 3656 tliuinms,
955 3589 1091 3662 jactator
1111 3585 1201 3645 cirili·

87 3655 226 3726 'Grauis
238 3669 292 3726 uti.
331 3666 448 3748 loseph.
462 3670 533 3728 ibid.
648 3673 728 3736 totis.
762 3691 847 3746 neque
872 3667 1001 3726 conuiuis
1023 3665 1095 3722 inire
1117 3683 1199 3725 susus

84 3738 100 3771 ⁴
119 3743 290 3806 Trucidatis
300 3757 364 3806 ert:
393 3749 511 3828 loseph.
524 3753 595 3811 ibitl.
646 3759 698 3818 est,
710 3751 765 3808 ruisi
779 3760 809 3808 ut
822 3750 1010 3826 speculatores
1024 3765 1083 3803 ctum
1097 3745 1200 3808 lanceis

51 3820 98 3874 Aul
111 3824 138 3878 ti
150 3829 279 3900 uenatu
292 3831 333 3885 τὶν
344 3827 474 3913 τςιίχηλοι
490 3854 595 3916 tragur-
647 3832 872 3898 circumstarent,
893 3828 1047 3903 utiliterque
1072 3826 1131 3884 rice
1151 3829 1200 3885 nri·

51 3901 106 3967 '⁶¹5’
127 3903 199 3978 ‘illd
221 3929 279 3986 ΡΜ
300 3911 403 3967 timore
426 3913 526 3971 collum
540 3933 594 3991 pa·
646 3912 799 3969 sistrorum
823 3912 1030 3986 tungercutur:
1059 3925 1145 3983 neque
1166 3925 1202 3966 te·

51 3975 234 4062 rinjurtiter
244 3988 417 4068 porrigeret.
645 4012 730 4070 grum
751 3977 909 4068 querit'quum
929 3987 1066 4056 uisitauit,
1087 3987 1143 4046 nisi
1154 4009 1200 4046 er·

85 4055 266 4145 ⁵ltttlignum
291 4079 382 4130 ratus.
425 4071 498 4130 Haec
526 4075 593 4130 toti·
644 4075 760 4148 plorato
777 4068 1006 4148 priisculriculu,
1027 4067 1201 4144 culcitisque,

51 4133 110 4196 dvm
129 4151 219 4208 serbis
233 4151 300 4222 Dio,
322 4169 376 4209 Lx,
391 4171 420 4228 p.
434 4149 504 4212 666,
546 4154 591 4215 Ml
646 4163 674 4212 et
684 4153 823 4230 stragulis
834 4149 1047 4228 prutentutiset
1058 4151 1195 4208 excussis:

49 4214 148 4287 ilffl'ws
160 4231 325 4296 muretus
338 4231 406 4290 uisui
420 4236 546 4314 τεςιιῒηιι.
645 4234 753 4310 reliquo
766 4241 856 4290 nttleru
866 4239 987 4305 tempore
997 4229 1199 4287 sultrtnturilus

86 4292 266 4376 “ferocium
310 4314 414 4390 l'opuli
445 4314 590 4371 desideriis
644 4321 819 4372 scrutatores
851 4330 956 4386 seruper
988 4309 1128 4384 oppnsuzl,
1169 4317 1198 4367 et

50 4369 218 4461 honoratam,
252 4404 285 4451 ut
315 4409 414 4452 narret
438 4395 592 4471 losephus,
645 4395 753 4469 quidem
786 4393 908 4450 ominibus
942 4400 969 4446 et
998 4389 1198 4448 acerbissimos.

52 4457 141 4546 Ami·
154 4467 169 4529 J
175 4471 222 4532 ud.
237 4489 309 4546 XIX·
322 4482 351 4540 4.
366 4493 396 4540 n.
418 4469 448 4536 6.
490 4477 592 4551 Quan·
645 4473 715 4534 Scri
730 4473 800 4534 enim
815 4493 848 4532 uc
863 4472 910 4530 vis
924 4469 1041 4538 remisit,
1061 4487 1095 4526 ne
1103 4470 1200 4550 fumi·
