2859 4950
336 295 547 378 ntnnoous
569 303 627 377 nn
648 291 925 380 onnnomnus.
1142 326 1200 393 195

63 469 114 572 qui
128 471 256 572 optima
266 497 415 573 quaeque
438 474 595 550 laudibus
617 491 651 548 et
675 473 827 572 praemiis
843 461 1093 575 promovebat:
1120 475 1201 550 ade·
1229 533 1233 539 .

63 607 127 660 rant
138 615 278 688 *quoque
295 595 367 690 ejus
384 592 558 664 filiorum¹
576 593 750 690 exempla,
773 591 860 665 dum
874 591 1053 690 literarum
1075 615 1201 666 monu-

62 705 169 778 mentis
196 707 330 804 genen's
355 707 407 780 sui
431 707 656 797 nobilitatem,
682 725 886 807 partemque
916 708 1017 782 bellis
1049 707 1199 808 gloriam

61 822 263 917 amplificant.
313 829 365 896 At
389 823 743 922 praeterquamquod
776 823 891 897 vitiata
914 823 1021 898 semel
1046 823 1199 923 ingenia,

60 935 251 1035 plerumque
281 956 361 1012 sunt
391 939 666 1029 inemendabilia,
702 938 893 1038 quominds
931 942 1200 1014 emendarentur

59 1051 171 1126 obstitit
195 1055 355 1152 juvenilis
382 1056 519 1130 licentia
548 1073 582 1130 et
602 1057 778 1155 popularis
805 1055 916 1131 favor.
968 1055 1077 1130 Vobis
1106 1054 1201 1129 enirn
1244 1096 1246 1099 ·

59 1187 263 1264 compertum
289 1188 339 1264 est
365 1173 472 1270 quam
494 1174 669 1262 audacter,
691 1191 770 1270 post
791 1189 998 1272 prostratam
1021 1169 1200 1244 forensem

58 1283 289 1380 eloquentiam,-
305 1288 457 1384 eruperit
469 1292 638 1386 juvenum
654 1288 798 1362 licentia.
822 1287 921 1364 Nihil
937 1286 1098 1376 modesti,
1113 1282 1204 1358 nihil

57 1401 171 1498 antiqui
188 1405 296 1476 moris
313 1401 377 1474 fuit
393 1404 578 1501 reliquum.
630 1404 726 1478 Ante
751 1429 797 1477 ne
819 1403 1037 1477 nobilissimis
1054 1401 1198 1501 quidem

58 1516 317 1591 adolescentibus
334 1520 431 1592 locus
448 1537 533 1608 erat,
550 1519 614 1592 nisi
636 1521 752 1617 aliquo
768 1519 941 1593 consulari
956 1520 1202 1618 producente,²

59 1633 105 1727 qui
121 1649 177 1706 eos
196 1635 392 1708 ostenderet
408 1633 500 1724 for0,
526 1635 719 1734 adsignaret
735 1633 849 1709 famae.
900 1636 976 1709 Ubi
999 1650 1116 1708 autem
1138 1659 1200 1707 ex-

58 1749 123 1820 arsit
135 1751 284 1839 licentia,
302 1749 456 1824 refractis
473 1753 615 1849 pudoris
628 1769 662 1826 et
678 1752 880 1826 reverentiae
897 1751 1066 1842 claustris,
1078 1747 1211 1824 'omnia'

57 1863 205 1939 omnibus
230 1885 381 1963 patuere.
438 1871 586 1942 Juvenes
611 1867 682 1941 sine
707 1865 856 1958 fautore,
880 1868 953 1942 sine
978 1867 1203 1966 commenda·

57 1997 130 2072 tore,
155 1981 233 2056 sota
250 1981 312 2056 sui
329 1980 470 2056 audaciai
487 1984 622 2074 conlisi,
646 2009 720 2057 non
735 1983 964 2075 inducuntur,
988 1985 1051 2058 sed
1072 1985 1198 2059 inum·

57 2117 139 2191 punt.
194 2101 279 2172 Non
306 2125 365 2172 eos
394 2119 549 2174 moratur
582 2100 650 2172 loci
682 2103 851 2199 majestas,
879 2101 999 2201 legum
1025 2101 1210 2198 sanctitas,

57 2215 144 2288 officii
161 2216 331 2316 dignitas:
358 2237 406 2288 ne·
420 2241 480 2288 eos
496 2215 638 2313 quidem
660 2227 777 2289 movet
801 2217 960 2291 novitatis
976 2233 1011 2290 et
1026 2217 1201 2292 tenuitatis

56 2354 115 2405 suae
137 2332 356 2408 conscientia.
409 2335 551 2428 Quanto
564 2369 566 2373 ·
580 2333 657 2432 quis
683 2333 877 2424 obscurior,
905 2349 1000 2407 tanto
1027 2349 1079 2408 est
1103 2333 1198 2407 arro-

56 2469 191 2546 paloor.

95 2688 186 2759 VIII.
213 2688 259 2759 ln
277 2684 343 2759 hac
363 2686 451 2759 mali·
469 2682 607 2760 summi
626 2683 770 2759 unicum
795 2700 972 2784 supererat
992 2680 1197 2778 subsidium,

56 2796 146 2875 lamae
180 2803 385 2899 periculum.
452 2805 554 2875 Leve'
578 2802 665 2875 illud
697 2811 740 2876 et¹
766 2819 965 2877 extremum
997 2802 1228 2901 praesidium'

56 2914 183 3017 Infregit
195 2920 342 3016 Largius
358 2919 532 2993 Licinius3
550 2922 591 2993 ¹Is
608 2918 714 3010 enim,
729 2943 775 2992 ne
786 2916 981 2993 famaforet
996 2919 1033 2991 in
1048 2920 1199 3019 ancipiti,

56 3036 176 3128 primus
202 3036 375 3109 auditores
402 3036 618 3135 corrogavit,¹
634 3035 745 3134 pretio
766 3034 923 3133 Implevit
947 3036 1122 3128 subsellia,
1145 3024 1213 3111 ins

57 3151 139 3247 genti
155 3149 287 3225 corona
303 3176 340 3223 se
357 3152 517 3242 accinxit,
533 3152 684 3226 infinitos
694 3153 871 3227 clamores
885 3152 1067 3227 conduxit.
1095 3142 1199 3250 Quos
1300 3152 1303 3157 ’

58 3268 131 3338 sirm
154 3267 314 3341 audiisset
337 3266 512 3341 Domitius
537 3266 656 3359 Afer,⁴
677 3267 817 3341 forense
850 3266 1033 3341 artificium
1058 3267 1198 3365 periisse

57 3383 258 3455 exclamavit.
301 3383 418 3455 Perire
435 3384 576 3480 quidem
593 3402 760 3483 coeperat,
779 3407 874 3459 nunc
889 3380 976 3457 verb
992 3406 1102 3482 prope
1118 3382 1199 3485 fun·

58 3496 143 3572 ditus
155 3500 347 3572 extinctum
364 3517 398 3572 et
415 3499 573 3574 eversum
592 3508 663 3577 est(
703 3502 800 3577 Nam
816 3500 845 3574 si
859 3497 990 3598 paucos
1006 3492 1205 3599 exceperis,
1221 3532 1242 3545 -’

58 3638 132 3708 quos
147 3606 284 3690 excelsa
300 3638 397 3689 mens
415 3615 436 3689 a
453 3616 649 3693 liberalibus
664 3616 887 3717 honestisque
903 3614 1023 3709 studiis
1037 3619 1214 3725 nondum·

91 3885 99 3913 ¹
120 3890 338 3970 Ejtrsfiliorum.
379 3890 404 3947 Τ
406 3890 437 3948 iti
450 3904 479 3949 et
493 3892 593 3951 Domi·
645 3892 700 3970 Ep.
715 3908 752 3950 11.
770 3895 816 3951 ld.
833 3896 839 3903 ’
854 3891 969 3952 Primus
982 3892 1052 3951 lunc
1066 3892 1199 3952 audiendi

60 3966 128 4055 tinni.
170 3974 296 4051 Uterque
319 3972 466 4029 literarum
487 3968 598 4030 *studiis
645 3986 746 4053 rnorem
769 3974 880 4032 t‘ndurt't
903 3972 1028 4050 Largius
1048 3971 1203 4032 Licinias?

61 4052 192 4109 uetat-uit.
451 4046 460 4063 ⁶
646 4056 778 4112 hrtctenas
791 4063 892 4123 tanen,
901 4062 933 4111 ut
946 4054 1090 4122 auditores
1103 4074 1199 4111 corro-

90 4126 223 4208 ²Aliqau
250 4133 391 4191 consolari
414 4134 594 4209 producente.
643 4144 738 4213 garet.
775 4132 832 4192 *rsa
858 4135 934 4192 certd
955 4136 989 4191 er
1009 4132 1197 4206 Quintiliano,

61 4205 121 4267 llaec
134 4214 249 4287 quidem
262 4212 323 4269 inse
334 4215 466 4293 explieat
474 4214 594 4289 Plinius,
642 4224 816 4293 preceptore
828 4234 896 4286 meo,
917 4213 1029 4272 audisse
1040 4212 1159 4272 numini.
1205 4206 1210 4215 ¹

62 4284 106 4364 Ep.
131 4310 165 4349 rr.
191 4300 235 4351 14.
279 4294 420 4353 Eu-mdem
446 4294 539 4353 eide
565 4297 600 4354 re'
684 4294 878 4353 *Domitius*
897 4294 981 4372 Aser.
1021 4295 1088 4353 Jam
1122 4312 1203 4375 saepq

61 4370 463 4451 aethnei-idelip.1v1'1n14.·
516 4400 549 4419 1·
594 4382 600 4404 ‘
635 4376 792 4433 laudatus.
817 4373 907 4432 vide
931 4388 960 4433 et
982 4391 1068 4455 supra
1090 4374 1205 4453 Annus

94 4444 254 4532 'Largum
287 4454 422 4515 Licinius.
475 4458 595 4527 Plinius,
648 4462 946 4523 tv.52.etxtr.l9.
1024 4465 1029 4471 '
