2859 4950
239 311 301 377 564
542 306 665 371 NOTAE
683 304 736 369 ET
755 302 1088 368 EMENDATIONES
1193 344 1200 355 ·

240 464 296 533 sed
308 476 466 551 tamqnam
478 462 627 529 nuoritum
641 473 762 541 nment,·
784 476 819 527 ut
833 461 994 539 discerent,
1016 458 1124 549 inquit,
1146 455 1285 521 mulieres
1304 480 1363 551 epu·

237 575 361 664 jugium
375 597 477 640 amare
489 573 630 661 conjugis
644 574 750 653 esusd,
773 596 834 637 non
848 574 1009 661 conjugem
1024 568 1160 659 conjugii
1174 569 1277 635 causd.

290 687 409 753 Finire.
452 686 535 752 cum
549 684 724 770 respublica
737 684 849 767 liberis,
871 684 903 749 iu
926 685 991 771 ejus
1015 706 1104 768 spem
1119 682 1364 765 defensionemque

244 798 335 877 nutis,
356 799 479 876 nitatur,
500 820 608 862 eorum
630 796 720 861 saluti
743 796 821 861 mird
845 798 1001 861 severitate
1025 793 1206 859 consuluere
1220 790 1366 868 Germani3

213 938 219 951 ·
246 924 283 975 ut
296 910 396 974 videre
409 923 456 975 est
470 908 501 973 in
514 908 600 991 Lege
611 906 726 987 saliet,
735 906 801 972 Tit.
812 926 950 971 xxviii.
966 907 1035 969 “de
1049 903 1237 970 Homicidiis
1250 901 1367 989 paruulo

246 1021 347 1087 rum?
390 1020 469 1105 leg.
486 1041 511 1083 1.
534 1018 605 1085 “si
629 1019 697 1106 quis
720 1040 847 1104 puerurn
870 1017 947 1083 infre
966 1014 1128 1083 duodecim
1150 1036 1306 1091 annorum,
1325 1034 1370 1075 nou

246 1144 437 1198 tonsorsurm
450 1130 603 1210 occiserit,
626 1150 756 1195 nunu.
780 1150 972 1195 secusne
1001 1146 1203 1193 unvnsnnr.
1230 1146 1370 1189 xunnu.

247 1244 318 1309 den.
332 1242 387 1330 qui
399 1243 514 1308 fuciunt
527 1242 616 1309 solid.
632 1264 689 1307 nc.
703 1240 867 1328 culpabilis
874 1238 1059 1327 judicetur.”
1096 1238 1173 1322 leg.
1189 1247 1222 1303 4.
1245 1244 1265 1275 ‘⁶
1280 1236 1311 1300 si
1321 1234 1370 1319 quis

248 1352 408 1432 foemusm
421 1353 581 1438 ingenuum
596 1354 749 1438 grauidam
764 1352 901 1417 trsbnttit
914 1350 959 1435 (id
973 1363 1029 1431 est,
1054 1350 1184 1436 graviter
1199 1348 1336 1434 pereutit)
1351 1362 1372 1409 et

249 1466 318 1552 ipss
346 1466 473 1531 fremina
500 1465 590 1531 fuerit
625 1479 756 1543 monus,
794 1484 922 1529 unus.
960 1481 1135 1529 nnvnno
1176 1478 1369 1525 nnvnrnrs

252 1598 424 1642 xxvnru.
438 1578 508 1643 den.
524 1577 576 1664 qui
589 1576 705 1641 faciunt
716 1574 775 1640 sol.
792 1596 873 1641 noc.
889 1574 1050 1660 culpabilis
1058 1573 1244 1662 judicetur.''
1270 1573 1338 1657 lag.
1349 1582 1371 1637 5.

251 1694 274 1726 “
290 1688 325 1754 Si
339 1688 408 1775 quis
422 1689 495 1753 vero
508 1688 653 1752 infantem
679 1686 711 1751 in
732 1700 836 1751 ventre
860 1687 965 1751 matris
989 1708 1051 1751 suae
1074 1686 1235 1765 occiderit,
1270 1705 1371 1751 usur.

132 1832 137 1840 r
174 1784 184 1792 ⁶
253 1801 742 1865 uuovvsuo.vrrrsr.den.
768 1796 1021 1885 quifaciuntsol.
1048 1796 1121 1861 cc.'’
1166 1796 1296 1882 Leg.7.
1324 1796 1371 1861 “Si

252 1909 322 1995 quis
345 1909 503 1975 foeminarn
527 1910 701 1995 ingenuam,
734 1908 897 1997 postqudm
922 1908 1052 1975 infantes
1077 1911 1189 1975 habere
1209 1934 1271 1977 non
1285 1922 1373 1995 potest,

251 2020 409 2102 occiderit,
426 2042 561 2087 nunu.
585 2042 815 2087 nnonrurs.
838 2042 971 2086 vrrrru.
993 2024 1095 2085 dener.
1119 2021 1170 2108 qui
1198 2024 1312 2087 faciunt
1332 2021 1372 2085 sd.

254 2150 311 2196 cc.
325 2132 489 2218 culpabilis
496 2133 681 2220 judicetur.”
725 2134 802 2218 Lug.
818 2140 848 2198 8.
880 2132 1034 2219 “Siquis
1051 2134 1210 2198 foeminam
1227 2135 1373 2219 ingenuan,

252 2242 417 2330 postqudrn
430 2242 560 2329 coeperit
571 2243 698 2309 infantes
710 2245 834 2325 habere,
856 2243 1011 2326 occiderit,
1036 2264 1164 2309 uenis.
1190 2264 1373 2311 Lnonruis.

255 2376 448 2423 xxrrrru.
483 2358 552 2422 den.
579 2357 634 2443 qui
660 2356 776 2421 fuciunt
804 2356 891 2421 solid.
927 2377 985 2421 nc.
1022 2356 1183 2441 culpabilis
1215 2354 1375 2446 judicetur?

256 2466 335 2553 Leg.
356 2477 390 2541 9.
425 2467 498 2534 “Si
525 2467 592 2554 quis
625 2467 760 2555 puellam
787 2466 951 2554 iugenuam
980 2468 1134 2549 occiderit,
1172 2491 1303 2535 ruens.
1335 2490 1372 2532 nx

255 2598 377 2648 strue
402 2599 544 2644 unum.
568 2601 699 2646 vinu.
722 2581 790 2644 den.
810 2579 862 2665 qui
877 2578 994 2645 faciunt
1004 2579 1060 2646 sol.
1076 2601 1130 2646 cc.
1145 2581 1307 2668 culpabilis
1314 2578 1373 2668 judi

254 2689 371 2756 cetur.'’
411 2689 549 2758 Tantum
573 2690 677 2755 liberis
710 2691 948 2777 parentibusque
976 2693 1124 2778 pretium!
1170 2693 1302 2758 Euhoe
1323 2689 1374 2754 sani

254 2800 423 2868 liberorum
447 2802 548 2866 studio
570 2799 718 2886 produxit
738 2803 822 2886 apud
846 2801 1021 2868 Germanos
1035 2805 1093 2889 jus
1110 2801 1373 2891 Hagenrtolrionir,

255 2895 342 3000 quod
354 2910 453 2975 adhuc
467 2910 549 3000 viget
564 2911 597 2975 iu
610 2911 767 2996 superiore
782 2911 955 2986 palatinatu
970 2925 1001 2977 et
1015 2913 1170 2998 superiore
1184 2914 1301 2981 circulo
1313 2913 1374 2978 Rhe

255 3044 347 3088 nuno.
369 3021 592 3110 Hagestoltzen
603 3037 717 3102 sutem,
734 3022 833 3111 Angl.
848 3023 901 3088 old
914 3023 1079 3106 bachelon,
1108 3026 1253 3092 dicuntur
1266 3026 1373 3100 coelibes,

148 3191 154 3202 .
256 3133 475 3221 quinquaginta
495 3157 590 3199 annos
604 3132 678 3198 nati.
721 3133 786 3207 Qui
809 3135 835 3199 si
859 3137 1037 3215 moriantur,
1059 3159 1165 3202 eorum
1181 3139 1302 3224 quidem
1316 3139 1373 3200 bons

256 3241 390 3311 'feudalia
415 3243 618 3332 nlodidiaque
648 3245 688 3309 ad
715 3245 905 3332 propinquos
930 3247 1091 3332 pertinent,
1120 3261 1151 3313 et
1173 3253 1266 3330 bona,
1293 3268 1371 3313 eorun

242 3352 404 3429 ‚iudustrid
423 3369 521 3442 perta,
549 3356 584 3421 in
611 3379 737 3442 poenam
759 3357 878 3423 coelibis
907 3357 975 3424 vitae
997 3359 1136 3426 erarium
1160 3361 1316 3447 publicum
1333 3355 1371 3424 sihi

257 3466 399 3533 vindicat.
442 3466 522 3533 Vide
544 3465 597 3532 Cl.
611 3467 756 3548 Hubner‚
778 3475 799 3508 “
812 3467 1013 3556 Gdogrephie
1034 3445 1243 3554 universolle,”
1267 3471 1327 3540 Vol.
1339 3489 1370 3531 n·

256 3602 290 3668 p.
303 3587 381 3650 471.

304 3687 497 3778 Quemquam
510 3711 548 3755 er
560 3692 693 3779 agnatio
738 3691 863 3781 Frustra
876 3706 972 3762 tentat
984 3695 1120 3783 Lipsius,
1142 3721 1179 3766 er
1189 3699 1298 3789 generi.

302 3911 394 3979 Cer.
408 3923 462 3980 20.
487 3912 675 4002 Volidaeque.
718 3915 769 3982 lta
781 3933 895 3986 veteres
908 3933 940 3987 et
953 3920 1136 3988 recentiores
1149 3922 1297 3989 editiones.
1316 3918 1368 4004 Lip

257 4024 333 4104 sius,
353 4023 464 4092 validi.

268 4141 271 4144 ’
304 4135 417 4223 Magis
428 4138 564 4226 erigeret.
607 4136 685 4205 MS.
699 4142 848 4208 Arundel.
862 4145 1003 4210 maxime.

305 4246 364 4314 sus·
377 4248 485 4337 cuique
497 4249 598 4316 liberi.
639 4250 740 4338 Apud
761 4239 1074 4320 Germanosnullunr
1096 4270 1161 4323 erat
1182 4245 1363 4324 reimerum·

259 4357 304 4431 lie
326 4358 432 4447 ignota
455 4384 504 4430 urs
529 4361 593 4443 illa,
628 4363 694 4450 qud
720 4387 814 4451 penes
845 4367 1015 4450 Romanos,
1048 4367 1220 4436 hereditatis
1244 4360 1363 4434 firnrudae
