2859 4950
258 313 320 375 554
550 304 675 365 NOTAE
695 302 748 363 ET
769 302 1105 367 EMENDATIONES

255 462 385 531 miseros
404 457 575 547 potrrirrent
597 471 691 538 artus,
713 470 762 524 tot
786 480 915 525 cesores
936 472 1032 526 erant.
1078 456 1161 525 Cim
1176 470 1277 525 antem
1290 459 1375 548 janir

256 572 432 647 dbcrimiuo
458 584 548 653 erret,
570 583 644 642 tunc
664 570 786 657 aperuit
810 572 980 653 veritatem,
1004 586 1037 637 ct
1057 594 1167 639 arcana
1194 572 1259 639 doli
1278 574 1376 659 pubiid

252 682 430 773 patefecit?

301 797 437 885 Corpore
453 794 597 883 infames.
641 793 733 861 Mala
754 806 851 861 tentat
872 795 1008 883 Lipsius,
1023 806 1147 885 torpore
1169 794 1306 884 infamer.
1340 798 1376 863 n.

253 912 294 983 de
323 908 555 995 Montesquieu,
583 906 644 973 hac
673 907 823 992 lipsiam
850 908 1063 975 emendatione
1090 911 1254 993 deceptus,
1274 908 1376 995 scripa'r,

250 1030 274 1063 “
286 1021 395 1108 Esprit
415 1024 469 1087 des
493 1019 606 1096 loir,''
636 1041 730 1083 xxx.
758 1029 805 1093 19.
843 1026 864 1058 “
881 1019 910 1085 ll
924 1022 1026 1107 paroit
1040 1044 1101 1107 que
1126 1020 1172 1087 les
1189 1020 1376 1085 Germainrur

250 1133 551 1229 connaissoierrtxqrre
573 1132 654 1195 deun¹
667 1128 777 1195 crimes
791 1130 955 1216 capitanx;
977 1130 1014 1198 ila
1037 1131 1206 1219 pendoient
1220 1131 1265 1197 lea
1277 1134 1375 1209 traines,

248 1260 284 1316 et
296 1248 443 1331 noyoient
455 1243 501 1309 ier
514 1242 684 1329 poltrons.’'
730 1241 883 1309 Infamem
898 1243 1021 1330 quidem
1039 1243 1181 1330 corporis
1204 1242 1375 1311 mollitianri

249 1356 418 1425 Germanis
430 1368 565 1419 amotam
579 1353 678 1419 voluit
701 1354 837 1440 Lipsius,
860 1357 903 1419 ob
919 1356 1131 1421 auctoritatem
1155 1356 1340 1435 Quintiliani,
1355 1356 1375 1419 iu

251 1468 499 1545 Declamatione,
517 1488 577 1531 ιιι.
604 1474 626 1506 “
637 1469 677 1531 de
691 1465 807 1533 Militis
819 1464 997 1551 pudicitiae
1012 1466 1137 1533 tribuno
1149 1468 1297 1548 tentari?
1315 1468 1373 1531 rme

250 1579 403 1647 rorantis:
426 1586 448 1616 “
459 1578 547 1643 Nihil
561 1577 622 1644 taie
635 1600 747 1643 novere
759 1577 920 1657 Germani,
935 1592 966 1645 et
981 1578 1114 1645 sanctius
1131 1579 1243 1646 vivitur
1253 1580 1290 1643 ad
1302 1581 1374 1655 Ocea

247 1691 354 1758 nuni.”
397 1691 443 1755 At
456 1690 527 1755 cdm
541 1689 572 1755 id
583 1689 733 1773 flagitium
749 1688 846 1755 Celtis
861 1691 976 1756 tribuat
990 1692 1167 1770 Athenaeus,
1185 1710 1272 1757 xrrr.
1287 1692 1373 1777 p-fisst.

247 1791 324 1869 nihii
337 1816 386 1869 ert
398 1792 454 1867 cur
467 1817 593 1867 vexetur
606 1802 747 1882 Tacitus,
761 1802 815 1888 qui
830 1800 936 1867 iisdem
951 1802 1050 1869 verbis
1058 1805 1126 1891 jam
1142 1828 1218 1869 usur
1231 1816 1277 1869 ert
1290 1798 1372 1867 Anni.

249 1938 274 1983 ι.
290 1924 343 1987 73.
362 1928 395 1980 et
416 1936 476 1979 xv.
490 1923 545 1987 49.
590 1913 746 1979 Praetcred
767 1913 925 2001 quomodo
939 1914 1048 1979 cinaedi
1069 1936 1195 1993 nomen,
1215 1914 1261 1981 uti
1277 1913 1373 1979 vidimus

245 2027 279 2096 in
301 2027 384 2093 notis
403 2028 489 2111 apud
511 2025 699 2103 Germanos,
723 2048 843 2092 summa
866 2025 926 2091 fuit
945 2025 1066 2114 injuria,
1090 2026 1116 2095 si
1138 2028 1221 2095 hanc
1246 2024 1371 2091 infanirn

244 2138 372 2205 minime
387 2138 546 2203 noverint?
591 2137 796 2203 Rarissimam
818 2137 953 2226 quidem,
977 2140 1019 2203 ob
1038 2161 1161 2205 morum
1186 2137 1371 2209 anteriorem,

122 2238 125 2243 ¹
244 2252 342 2320 fuisse
354 2250 416 2317 hoc
435 2242 543 2316 vitium
557 2250 642 2335 apud
657 2250 834 2314 Germanos
854 2248 1047 2316 crediderim.
1093 2250 1216 2316 Contra
1234 2249 1300 2315 rerd
1313 2246 1370 2331 apud

243 2364 406 2431 Romanoa
441 2364 484 2426 ob
517 2360 671 2446 luxuriam
698 2373 764 2425 erat
797 2361 1088 2447 frequentissimum.
1132 2361 1290 2429 Adversus
1319 2356 1369 2423 iliud

241 2473 786 2559 irrorartuveualia,satyr.u.15
809 2487 927 2562 etseq.
972 2475 1107 2542 Gravius
1131 2475 1245 2561 posted
1269 2468 1370 2538 intonit

241 2587 465 2656 Constantinus
472 2585 505 2650 in
513 2584 596 2651 Cod.
606 2585 660 2650 lib.
671 2607 725 2650 ιιι.
739 2584 805 2650 Tit.
816 2595 847 2660 9.
872 2587 946 2652 “Ad
959 2585 1079 2672 Legem
1088 2585 1240 2652 Juliaml’
1254 2586 1323 2669 Leg.
1334 2591 1368 2648 Sl.

239 2703 262 2738 “
276 2699 296 2766 J
301 2703 432 2765 ubemur
447 2700 602 2783 insurgere
615 2696 711 2784 leger,
727 2699 837 2764 armari
851 2700 925 2786 jura
942 2696 1047 2783 gladio
1062 2697 1172 2780 nitore,
1197 2712 1233 2765 ut
1245 2693 1368 2784 exquisiti

239 2809 341 2896 poenis
354 2812 522 2876 subdantur
541 2809 681 2889 infames,
704 2809 757 2897 qui
780 2824 861 2890 runt,
884 2809 931 2874 vel
947 2809 1000 2898 qui
1024 2810 1119 2877 futuri
1137 2825 1209 2878 sunt
1230 2810 1298 2893 rei-'²
1333 2805 1366 2872 Dr

136 2916 142 2975 Σ
238 2921 300 2988 hac
320 2943 446 3009 quoque
473 2918 601 2986 iufamia
623 2921 752 3008 ejusque
782 2921 876 3008 prend
906 2920 974 2986 vide
992 2919 1119 3010 Legem
1142 2921 1365 3008 Wirigotiromn,

236 3031 294 3099 lib.
310 3055 368 3100 ιιι.
382 3033 448 3099 Tit.
463 3043 495 3100 5.
520 3031 598 3118 lag.
612 3041 644 3100 8.

285 3145 471 3215 Lennium
492 3145 623 3212 delictis·
665 3143 706 3227 In
726 3145 826 3233 poenir
846 3148 1043 3214 attendebant
1057 3147 1209 3214 Germani
1223 3147 1260 3212 ad
1273 3146 1363 3216 damur

238 3260 279 3336 ad
292 3258 493 3325 acerbitatem
504 3257 693 3345 iujuriarum,
703 3260 742 3323 ad
757 3257 936 3343 dignitatem
946 3281 1157 3345 personarum.
1182 3257 1258 3324 lude
1268 3257 1294 3321 in
1304 3254 1363 3334 [egr

240 3370 358 3449 salica,
376 3369 443 3435 Tit.
460 3391 520 3434 ιιι.
534 3371 602 3434 “de
613 3368 932 3462 Furtisanimalirrm.''
955 3371 1033 3455 Leg.
1053 3381 1080 3434 1.
1104 3377 1125 3409 “
1138 3370 1173 3436 Si
1184 3369 1252 3458 qnia
1265 3363 1361 3432 vitulum

238 3481 403 3558 lactentem
422 3481 576 3562 furaverit,
603 3501 733 3546 ιιιιιι.
770 3500 967 3561 ranarw,
991 3495 1045 3546 aut
1076 3503 1265 3560 rnnono,
1298 3494 1358 3541 cxx·

214 3595 308 3666 den.
330 3593 385 3681 qui
406 3592 523 3658 faciunt
544 3593 631 3660 solid.
647 3615 709 3660 ιιι.
730 3591 896 3680 culpabilis
908 3594 1078 3682 judicetur,
1106 3607 1240 3680 excepto
1259 3581 1359 3674 capitale

236 3717 271 3775 et
290 3704 449 3775 delatura:
472 3717 508 3769 ut
520 3705 589 3791 jam
603 3705 721 3772 dictum
737 3727 840 3792 supra.

282 3816 363 3902 Leg-
376 3827 409 3892 9.
431 3823 452 3855 “
467 3814 581 3902 Siquis
595 3831 718 3883 taurum
730 3817 809 3903 regis
824 3816 980 3898 furaverit,
994 3817 1047 3904 qui
1059 3817 1098 3882 de
1110 3815 1208 3884 tribus
1218 3811 1357 3880 villiacum

238 3950 348 3994 munes
361 3951 468 3992 vaccas
483 3927 614 3993 tennerit
627 3932 703 4005 (tres
716 3929 798 3994 enim
813 3927 904 4009 vittae,
919 3942 972 3994 aut
985 3928 1044 3994 vici
1058 3951 1252 3994 communem
1265 3935 1354 3987 tarum

237 4039 543 4128 pulcherrimumque
563 4038 702 4125 alebant)
724 4041 784 4106 hoc
812 4055 860 4108 est
881 4039 1063 4121 tres-bellio,
1093 4059 1224 4106 iruna.
1246 4043 1352 4100 cnffl

238 4171 414 4229 rnauro
439 4173 583 4218 rrnccc.
604 4153 674 4218 den.
688 4152 743 4239 qui
757 4152 976 4222 faciuntrolid.
992 4173 1078 4220 xav.
1098 4139 1351 4240 culparttjudrr

238 4279 299 4347 tur,
311 4249 445 4360 excepto
458 4263 592 4350 capitale
603 4277 634 4332 et
648 4263 819 4332 delaturi?
1387 4255 1388 4300 i
