2859 4950
57 284 172 348 J.C.70.
221 277 280 337 AD
301 273 463 335 LIBRUM
485 270 683 343 QUINTUM
705 270 1008 337 Hlstottlnnum.
1120 274 1188 339 'tto

56 434 233 537 superstites
271 430 400 519 vivere,
432 426 595 526 turpique
628 444 741 501 morte
774 429 924 502 damnati
954 447 1045 504 sunt.
1095 429 1189 511 Vttae

55 576 153 640 usura,
164 548 285 622 ceteris
297 548 459 621 omnibus
471 546 597 634 oblata,
611 562 645 618 et
659 545 679 617 i
692 545 838 618 ducibus
850 547 981 619 Ioanne
991 573 1031 621 ac
1045 547 1188 623 Simone

53 669 172 765 spretu,¹
196 664 334 737 uictoris
357 662 425 735 iras
450 660 662 758 provocavit,
686 688 726 735 ac
752 664 892 734 tandem
917 665 995 737 urbi
1011 666 1186 741 excidium

52 782 165 857 adtulit.
216 781 391 853 Succensa
407 779 591 875 primdm²
609 783 706 874 c'apta
718 782 790 877 jam
802 799 1044 878 monumenta:
1062 782 1189 859 domus

52 920 190 996 quoque,
222 892 316 968 fame
350 912 554 968 enectorum
587 896 819 989 cadaveribus,
838 897 1017 994 squalidae,
1047 897 1188 997 ignibus
1300 987 1303 994 ¹

52 1013 178 1085 nuditae.
228 1009 372 1084 Meritus
397 1010 587 1107 pervicaciit
615 1036 737 1109 poenas
766 1010 922 1113 elingere
949 1012 1050 1087 lzatis
1073 1014 1188 1115 reg-'n‘

53 1118 126 1201 fitii'*
147 1124 352 1224 ftutresque,
375 1150 415 1198 ac
432 1128 731 1216 turbe'nnbilium,
749 1126 809 1224 qui
834 1128 938 1199 simul
962 1126 1034 1202 Titi
1058 1129 1188 1207 miseri.

50 1242 189 1319 cordiam
206 1256 397 1316 omverant.
448 1242 544 1315 Tum
561 1243 679 1315 structi
703 1247 870 1341 aggeres⁵
895 1242 1063 1317 adversus
1085 1270 1188 1345 supe-

52 1359 164 1433 riorem
179 1360 317 1447 urbem,
333 1355 473 1429 nomine
498 1352 609 1446 Sion,⁶
625 1358 709 1433 locis
725 1356 937 1447 editioribus,
954 1374 988 1432 et
1004 1362 1187 1436 munitisri.
1246 1456 1259 1464 ἱ

52 1476 105 1549 nis
118 1473 282 1561 turribus,
295 1470 484 1547 defensam.
535 1474 605 1546 Sed
618 1472 714 1571 quasi
726 1469 827 1546 fatale
840 1489 928 1547 esset
944 1474 1188 1575 Hierosolyma
1281 1535 1286 1548 ,

53 1590 201 1665 intestinis
230 1587 347 1687 potius
370 1588 561 1679 discordiis,
586 1588 694 1687 quim
719 1588 871 1663 hostium
894 1588 1037 1680 vitibus,
1061 1592 1188 1688 perire,

54 1730 88 1779 ne
102 1706 221 1779 ultimo
239 1705 380 1803 quidem
402 1704 596 1779 discrimine
619 1705 702 1779 inita
723 1704 921 1795 concordis,
945 1704 1129 1781 Idumaeis⁷
1151 1724 1189 1785 ot

53 1821 166 1897 Judaeis
186 1821 278 1896 inter
305 1846 342 1897 se
366 1820 617 1897 dissidentibus.
673 1822 788 1913 Titus,
810 1819 913 1897 insiti
935 1820 1130 1914 clementii,
1152 1840 1190 1899 et

88 2084 96 2111 ¹
117 2085 228 2165 Spreta.
245 2088 362 2167 loseph.
373 2090 443 2149 ibid.
453 2098 547 2150 meet
557 2097 586 2150 3.
641 2092 712 2152 lud.
728 2108 775 2150 nv.
786 2087 817 2151 6.
828 2110 857 2149 n·
870 2096 901 2151 t

86 2162 261 2227 ²Succensn
282 2170 411 2245 primdm.
454 2172 510 2229 Die
540 2180 586 2231 11.
682 2168 966 2271 'Structiogpercn
986 2170 1188 2234 Dierieerimo

57 2249 177 2347 puguspi,
199 2249 335 2327 Josepho,
351 2252 423 2309 ibid.
448 2271 476 2310 n.
498 2258 527 2310 3.
555 2254 589 2327 ηῖ
641 2254 743 2311 mensis
757 2252 819 2323 Loi,
839 2260 912 2309 Aaou
929 2251 1001 2325 μυὸς
1021 2244 1115 2344 dedit,
1135 2272 1187 2347 reu

56 2331 589 2492 ttttt..‚⁵tt⁶t¹tl‚⁶i⁰tl.i⁰ttl
639 2336 852 2490 {initii
872 2332 1189 2474 trinitati}

57 2487 120 2560 lam,
139 2505 167 2550 et
178 2492 251 2570 ignis
269 2513 429 2570 progressus
442 2505 485 2552 est
498 2513 588 2572 usque
644 2515 740 2571 opens,
755 2505 789 2552 ut
803 2496 832 2553 in
847 2504 927 2571 parte
940 2493 1123 2555 Occidenteli
1142 2513 1194 2558 ur·,

56 2569 85 2625 nd
110 2573 226 2632 Helenae
251 2574 367 2650 regiam,
390 2593 454 2651 quae
475 2587 536 2633 erat
561 2575 588 2630 in
635 2576 686 2632 'bis
700 2595 737 2632 ex
749 2577 866 2632 adverso
882 2573 957 2632 eulae
969 2575 1190 2650 regiequetnor

57 2651 139 2710 nedid
152 2651 242 2714 Acrd.
286 2655 331 2712 De
344 2655 419 2713 colle
432 2653 519 2725 Aera,
540 2655 588 2712 ubi
644 2655 777 2731 legiones,
796 2653 952 2712 auxiliares
967 2655 1033 2713 vero
1045 2666 1074 2713 et
1093 2665 1190 2714 cetere

57 2743 107 2789 ent
121 2735 185 2792 urbs
195 2731 319 2805 inferior,
331 2735 441 2794 dictum
452 2749 493 2794 est
503 2753 590 2810 snpra
644 2735 801 2794 multitudo
811 2734 906 2793 versus
918 2735 1053 2811 Xystum,
1062 2746 1190 2813 pentem,

58 2811 122 2870 Hist.
143 2833 172 2872 v.
197 2822 245 2872 11.
268 2829 327 2874 not.
349 2815 402 2874 ini.
440 2817 589 2888 Postridie,
645 2815 804 2892 turrimque
831 2814 963 2884 Simonis,
987 2827 1189 2892 operarentur:

58 2891 85 2968 ‘i
92 2887 180 2964 l'lkie.
192 2914 244 2953 seu
258 2895 303 2952 die
318 2902 364 2954 12.
381 2898 513 2972 Augusti,
526 2895 589 2954 reli·
645 2896 789 2957 rarissimi
801 2914 911 2972 semper
923 2889 1050 2966 materie,
1069 2913 1135 2972 qum
1150 2897 1191 2955 olr

59 2990 107 3045 que
129 2975 206 3034 urbis
228 2975 366 3034 inferioris
387 2977 502 3035 incensa
523 2988 590 3035 sunt
646 2985 688 3035 tot
708 2995 820 3053 aggeres
831 2975 898 3034 ante
916 2988 1040 3034 structos
1058 2975 1078 3038 δ
1096 2988 1193 3036 cente

58 3057 185 3128 usquead
200 3055 359 3115 siloamnd
378 3057 524 3116 Orientem
543 3076 591 3113 ut·
644 3058 716 3114 simo
731 3058 824 3114 studio
840 3067 901 3114 eret
919 3056 1101 3133 npnunds.
1140 3057 1192 3117 Jo-

59 3129 102 3189 bis.
119 3133 235 3212 Joseph.
251 3135 325 3195 Bell.
337 3137 407 3197 lud.
420 3155 466 3195 vr.
479 3146 508 3204 7.
522 3143 588 3196 n.2.
645 3137 724 3215 seph.
739 3138 812 3228 Bell.
825 3135 954 3227 ludunt.
969 3142 997 3194 8.
1018 3153 1048 3194 n.
1062 3145 1088 3195 l.
1144 3214 1151 3227 .

90 3207 211 3276 ³Izntis
226 3219 311 3294 regis.
342 3219 386 3275 De
400 3217 487 3290 lente,
501 3218 590 3275 Adin—
687 3212 844 3277 ‘Nomine
868 3216 947 3274 Sion.
970 3219 998 3275 Α
1022 3215 1097 3273 colle
1120 3215 1192 3278 Sion

58 3290 183 3356 benorum
210 3317 283 3375 rege,
307 3307 407 3356 sctum
430 3317 473 3356 est
504 3318 591 3375 supnt
646 3299 687 3356 ita
708 3298 826 3367 dictem,
846 3309 875 3354 et
893 3296 913 3354 ὲ
933 3294 1047 3354 Doride
1065 3294 1192 3356 inferiori

59 3373 154 3436 Annei.
175 3397 237 3438 uu.
267 3383 314 3436 13.
334 3391 394 3436 not.
416 3380 467 3436 inf.
501 3380 591 3437 Izstes
650 3380 713 3438 urbi
737 3379 807 3435 olim
829 3376 968 3434 redditum.
1009 3375 1101 3436 Nune
1126 3392 1194 3454 pert

59 3453 168 3532 ejusque
190 3467 281 3518 mater
304 3459 415 3518 Helene
439 3459 593 3518 Juduicsm
648 3461 709 3535 ejus
732 3460 861 3516 maxime
885 3467 927 3515 est
949 3465 1033 3515 extre
1050 3467 1194 3518 mutem

60 3533 212 3612 religionem
236 3551 318 3598 erent
344 3540 482 3616 amplexi.
523 3539 594 3596 lnde
649 3542 748 3598 urbem
771 3537 938 3608 Jematen,
968 3547 997 3596 et
1024 3537 1195 3618 inrumpis

60 3611 103 3672 filii
114 3617 267 3696 fratresque
280 3621 364 3680 lztttis
373 3621 403 3677 in
414 3623 514 3678 urbem
526 3619 595 3677 Ilie-
647 3619 782 3697 squallet.
1182 3654 1186 3659 >

60 3699 408 3777 rosolymscouceesemnt.
450 3699 527 3758 Vide
545 3698 595 3759 Jo·
688 3695 864 3758 ⁷Idrmoeie.
895 3698 1027 3771 ldumat,
1049 3697 1070 3760 l
1089 3695 1195 3760 zelam

60 3775 375 3859 tephum,Antiq.Jud.
391 3787 476 3838 xm
491 3791 587 3858 etseq.
649 3781 748 3850 ecciti,
769 3791 799 3838 et
820 3781 849 3836 in
873 3783 972 3838 urbem
995 3779 1197 3858 Hierosolymt
1248 3814 1251 3822 ·

96 3857 209 3922 ‘Fiet
251 3863 342 3920 Izates
369 3862 500 3930 moriem,
526 3869 596 3919 teste
650 3861 768 3937 recepti,
800 3879 864 3938 pets
889 3879 992 3937 mogus
1015 3859 1096 3920 fuere
1126 3858 1197 3922 belli

63 3933 299 4020 losephnnntiq.
311 3943 381 4004 Jud.
403 3959 462 4002 xx.
475 3949 504 4000 4.
524 3959 552 3999 n.
566 3947 598 4001 3.
650 3941 667 4000 J
673 3941 780 3999 udaiei.
797 3945 839 4000 At
848 3941 918 4000 cum
929 3941 1196 4018 deditionempen·
1231 3991 1239 4003 .

63 4017 208 4099 reliqueret
219 4023 292 4082 tilios
306 4041 432 4102 quatuor
444 4036 474 4080 et
489 4022 598 4098 viginti,
653 4035 726 4094 nent,
736 4032 764 4080 et
775 4021 860 4080 'litus
871 4031 1019 4094 annueret,
1039 4023 1070 4080 id
1083 4021 1200 4084 mont

63 4095 183 4182 filiusque
215 4107 344 4164 totidem.
397 4103 481 4162 Titus
512 4103 600 4162 luatis
655 4103 773 4163 Simone
796 4103 870 4160 unde
888 4111 989 4161 exorte
1005 4112 1050 4162 est
1069 4102 1200 4164 maxime

63 4175 129 4240 filios
154 4196 183 4244 et
205 4187 380 4264 propinquos
410 4182 537 4263 primum
569 4185 598 4240 in
654 4181 1202 4262 interldnmmosetlndmosdireordin.

63 4263 188 4324 cendit
212 4266 324 4336 habuit,
357 4267 455 4346 posted
489 4263 598 4323 uinctos
652 4263 772 4343 Josepln.
792 4262 867 4324 Bell.
886 4263 957 4325 tud.
976 4282 1025 4325 rr·
1047 4270 1071 4326 4
1093 4271 1124 4325 ul
1139 4276 1202 4343 1η.

65 4331 176 4406 Remum
211 4347 356 4423 perduxit,
400 4358 436 4406 nt
466 4345 598 4404 obsidum
659 4351 837 4412 ruunt.
879 4342 882 4348 ’
931 4364 935 4372 ·

62 4415 142 4488 ,fidem
164 4437 335 4504 praeterunt.
382 4427 500 4505 loseph.
527 4425 599 4502 Bell.
