2859 4950
297 309 357 369 so
378 304 606 368 bremensi
628 304 686 367 ns
706 305 1003 385 onironrsus.
1051 350 1052 355 ι
1161 311 1223 388 629

64 460 273 547 Magnum,
287 467 309 501 “
318 484 359 527 ue
370 474 548 548 putaremus
556 459 697 528 luumem
710 485 788 542 esse,
800 460 965 548 proptered
975 460 1063 528 dixit.
1084 462 1216 555 Antiqui

11 582 114 641 enim
136 587 306 660 ¹tempora
327 574 479 640 sideribus
500 575 735 659 computabant,
755 586 786 639 et
800 573 941 642 dixerunt
962 573 1063 661 primd
1077 575 1214 648 lunarem
1238 637 1242 659 ,

11 708 156 751 aunum
174 684 309 770 triginta
322 686 460 751 dierum
484 677 565 751 unde
581 684 733 751 invenitur
752 686 783 751 in
803 684 956 771 aliquibus
970 686 1031 769 vita
1045 702 1215 774 nongento-

11 820 96 862 rum
115 818 302 877 annorum,
316 795 434 863 scilicet
446 796 610 863 lunarium.
656 794 772 863 Posted
786 795 952 863 solstitialis
964 820 1060 863 annus
1074 814 1213 885 repertus

11 922 81 989 est,
100 908 171 995 qui
197 910 369 974 duodecim
392 908 529 974 continet
552 931 682 973 menses.
726 908 810 973 Mox
830 909 948 995 majore
969 910 1046 974 curli
1067 934 1213 998 magnum

11 1044 155 1085 annum
173 1042 251 1086 esse
266 1020 439 1100 voluerunt,
461 1020 606 1085 omuibus
627 1018 756 1106 planetis
778 1019 810 1084 in
829 1020 972 1085 eumdem
986 1023 1212 1091 recurrentibus

11 1132 160 1211 locum,
172 1146 213 1197 et
223 1132 285 1197 boc
295 1132 343 1211 fit,
357 1146 393 1197 nt
406 1131 552 1210 diximus,
563 1131 731 1197 secundnm
742 1130 903 1195 Ciceronis
914 1130 1128 1215 Hortensium,
1140 1149 1213 1219 post

12 1266 130 1309 annos
153 1242 333 1309 duodecim
347 1242 445 1309 millia
459 1256 630 1327 nongentos
642 1223 863 1329 qubrquaginta
878 1256 1021 1329 quatuor,
1035 1244 1211 1315 solstitiales

13 1356 170 1423 scilicet.
219 1354 308 1423 Bene
319 1355 395 1441 ergd
409 1377 491 1420 nnnc
507 1355 688 1439 ‘magnum'
702 1352 827 1431 addidit,
842 1376 880 1417 ne
894 1353 1050 1420 Lunarem
1060 1356 1211 1443 intellige·

15 1492 151 1535 remus.
179 1466 275 1532 Bene
289 1464 538 1544 ‘Solis'nonren,
559 1487 598 1529 ne
616 1464 689 1551 quia
700 1464 819 1529 dixerat
834 1467 1017 1549 ‘magnum'
1030 1466 1117 1533 illurn
1139 1488 1206 1535 vit.

16 1578 243 1665 planetarum
253 1577 464 1662 acciperemus
479 1591 511 1640 et
526 1574 741 1655 Platonicum3
765 1577 877 1661 dequo
893 1574 1045 1641 variaetd
1061 1576 1207 1659 Metone,

20 1705 56 1755 et
74 1694 122 1755 ab
141 1690 299 1770 Eudoxo,
321 1700 353 1753 et
377 1687 397 1750 l
425 1686 610 1766 Ptolemaeo,
623 1699 655 1751 et
667 1689 707 1751 ab
723 1685 799 1783 ipso¹
807 1686 927 1751 Tullio.
973 1686 1059 1753 Nam
1074 1688 1208 1755 inlibris

20 1804 65 1867 de
98 1800 261 1867 Deorum
290 1800 402 1865 naturli
426 1797 483 1863 tria
508 1797 607 1864 millia
634 1820 784 1863 annorum
813 1797 889 1863 dicit
917 1822 1063 1884 inagnum
1092 1824 1203 1866 asinum

21 1913 179 1979 tenere.'’
237 1908 276 1975 In
298 1925 428 1976 numero
453 1910 618 1975 duodecim
646 1908 779 1975 millium
804 1922 1030 1995 nongentorum
1056 1912 1206 1999 quinqua-

24 2026 120 2111 ginta
134 2036 278 2111 quatuor
290 2044 439 2087 annornm
455 2023 624 2088 concordet
637 2021 858 2087 vetustissimus
874 2021 970 2086 Servii
993 2022 1070 2087 MS.
1092 2026 1204 2105 codex,

24 2136 85 2222 qni
99 2136 168 2201 fuit
183 2134 262 2201 olim
278 2134 308 2198 in
329 2134 522 2199 bibliothece
535 2132 658 2217 collegii
682 2132 837 2199 Ludovici
861 2132 983 2217 Magni.
1029 2132 1104 2200 Inde
1120 2160 1204 2203 erro-
1307 2174 1311 2181 ·

28 2248 72 2312 ris
96 2270 228 2333 arguas,
251 2260 284 2312 et
306 2244 398 2311 facile
422 2247 565 2310 emendes
594 2243 725 2309 alterum
753 2242 849 2311 Servii
873 2243 988 2325 locum,
1014 2246 1045 2310 in
1069 2248 1222 2313 numeris¹

26 2359 165 2424 omnino
193 2372 388 2444 corruptum.
442 2356 496 2422 Sic
524 2354 606 2420 euim
628 2356 671 2421 ibi
700 2356 826 2421 Servius
852 2356 890 2421 url
919 2355 1043 2421 AEneid.
1075 2378 1099 2423 1.
1126 2366 1201 2431 273.

27 2485 53 2516 “
69 2479 261 2545 Secundbm
288 2477 430 2544 Tullium
458 2477 617 2562 magnus'*
651 2499 757 2557 annus,
784 2484 808 2516 “
822 2476 876 2564 qui
901 2488 985 2541 tenet
1015 2463 1072 2540 ἧι
1099 2496 1199 2543 nutv.

30 2613 150 2657 annoss
185 2603 223 2656 ut
250 2588 282 2654 in
315 2588 516 2672 Hortensio,”
538 2589 622 2656 “Et
646 2590 761 2654 horum.
781 2611 941 2668 minorum,
964 2586 1090 2674 qnosin
1114 2587 1199 2654 fastis

29 2713 201 2792 habemus,
229 2733 360 2793 magnus
387 2695 453 2774 {fi
480 2729 582 2775 nnrv.
610 2731 708 2775 annos
742 2707 968 2794 amplectitur?
1020 2705 1199 2774 Certissimd

31 2829 267 2894 emendandum
281 2812 342 2894 {Tr
360 2849 556 2895 nccccnrv.
571 2843 606 2895 nt
619 2842 706 2914 patet
718 2841 784 2894 tum
801 2828 818 2893 ὲ
841 2827 965 2907 Tacito,
980 2837 1044 2912 tum
1061 2849 1099 2890 ex
1113 2825 1200 2913 ipsis,

29 2940 137 3024 priore
152 2939 228 3005 loco
241 2939 350 3020 allatis,
374 2940 473 3008 Servii
487 2940 599 3021 verbis,
621 2946 643 2980 “
657 2941 718 3006 hoc
741 2939 787 3020 fit,
802 2951 836 3004 nt
861 2939 1005 3018 diximus,
1028 2939 1196 3004 secundnm

32 3049 201 3118 Ciceronis
238 3049 453 3131 Hortensium,
483 3065 554 3138 post
581 3075 677 3120 annos
704 3051 871 3118 duodecim
899 3050 1004 3115 millia
1020 3061 1193 3135 nongentos

33 3162 429 3251 quinquagintaquatnor.''
472 3162 560 3230 ldem
577 3165 683 3230 suadet
705 3163 840 3241 Solinus,
864 3185 933 3247 cap.
946 3169 1000 3228 33.
1045 3159 1194 3226 Siccium

32 3273 128 3338 ibide
150 3275 307 3360 phoenice.
330 3273 448 3341 “Cum
466 3276 557 3364 hujus
571 3275 635 3340 vird
649 3276 751 3360 magni
777 3273 847 3340 anni
861 3272 928 3339 lieri
953 3271 1194 3350 conversionem,

34 3399 98 3451 rata
122 3386 201 3451 fides
216 3399 264 3451 est
285 3385 364 3452 inter
382 3402 539 3453 auctores:
562 3386 636 3453 licdt
655 3386 779 3472 plurimi
792 3409 900 3451 eorum
921 3407 1064 3470 magnum
1078 3407 1191 3450 aninum

34 3518 96 3560 non
120 3497 295 3583 quingentis
319 3512 351 3563 et
373 3497 582 3586 quadraginta,
604 3497 845 3563 sed'dnodeeinn
868 3495 1006 3562 millibus
1030 3497 1192 3581 nongentis

39 3607 262 3696 quinquaginta
275 3622 406 3695 quatuor
419 3610 504 3675 arinis
516 3622 655 3676 constare
668 3608 801 3674 dicant.”

78 3719 165 3783 Rudi
186 3732 290 3784 autem
312 3719 413 3785 adhuc
428 3720 642 3801 Astronomid,
665 3719 747 3785 varia
769 3721 959 3806 fuerejnxts
981 3720 1082 3784 varios
1097 3717 1192 3804 scrip-

37 3839 117 3899 tores
131 3829 234 3916 magni
249 3831 319 3895 anni
332 3832 441 3917 spatis,
456 3857 524 3919 qnae
540 3833 608 3897 vide
623 3833 705 3918 apud
719 3831 866 3910 Riccioli,
877 3831 1049 3916 Alinagest.
1067 3853 1125 3895 111.
1139 3840 1190 3896 13.

36 3938 108 4006 Vol.
125 3963 149 4006 1.
174 3943 297 4028 p.'130.
317 3946 453 4029 ettapnd
476 3942 701 4024 Marsbamum,
729 3943 850 4028 Canon.
874 3943 1001 4028 AEgypt.
1025 3965 1057 4027 p.
1074 3953 1106 4016 9.
1148 3939 1189 4006 Ιιι

37 4049 96 4115 haic
124 4053 241 4138 majore
270 4053 479 4120 Astronomiae
508 4055 578 4122 lnce
603 4058 740 4121 nondum
775 4054 972 4120 consentiunt
998 4054 1190 4119 Astronomi.

41 4157 187 4246 Magnum
203 4163 286 4230 enim
300 4187 415 4230 annum
431 4167 566 4233 Riccioli
582 4169 689 4234 definit
701 4165 787 4235 annis
801 4173 921 4240 25920.
956 4163 1071 4252 Tycho
1086 4165 1189 4236 Bralne

39 4274 119 4338 annis
133 4279 249 4346 25816.
273 4276 394 4344 Cassini
405 4279 490 4344 annis
503 4289 621 4370 24800.
