2859 4950
165 292 170 303 ’
301 290 362 395 in
384 332 613 395 ammaon
635 334 693 395 na
713 333 987 397 oniroarnos.
1168 328 1229 404 on

116 465 298 535 Voluntatis
324 470 559 537 similitudinem
588 483 618 538 et
652 474 873 562 cognationem.
919 472 1006 539 Beni
1044 468 1229 552 Beroaldus,

62 579 295 667 cognationem.
339 580 378 645 ln
406 582 559 647 veteribus
586 582 785 665 editionibus,
810 585 1035 675 cogitationem.
1081 582 1229 649 Recenti·

62 712 139 755 ores
154 714 279 779 qnoque
291 695 504 773 emendavero,
519 696 698 761 voluntatis.
744 694 846 762 Antei
860 695 1030 781 legebatur,
1044 694 1219 761 voluminis.

112 799 164 866 Et
189 813 262 868 snrrt
289 803 409 891 aliqua.
454 804 504 871 Ita
533 804 637 873 MSS.
659 806 763 873 Vatic.
807 804 845 871 In
867 806 1000 872 editione
1025 806 1176 894 principe,
1199 817 1229 871 ct

62 934 161 999 anper
173 912 294 1001 aliquo.
337 913 431 981 Unde
451 916 642 982 Puteolanus
655 920 880 999 emendaverat,
895 928 923 984 et
934 929 1094 1005 supersunt
1107 908 1239 1005 aliqud„
1355 912 1358 920 ’

113 1024 172 1092 An
193 1027 344 1094 invideret
368 1026 524 1096 Ciceroni.
570 1030 674 1100 MSS.
695 1030 799 1097 Vatic.
827 1032 909 1097 reda
934 1044 966 1096 et
989 1029 1228 1106 sanarentur

68 1136 220 1206 Ciceroni
233 1138 395 1207 invideret.
441 1140 518 1207 MS.
533 1141 637 1208 Vatic.
655 1150 747 1209 1518.
763 1138 914 1209 invidere.

115 1248 191 1316 Non
205 1250 332 1317 desistit.
378 1252 465 1317 Bene
483 1253 665 1319 Beroaldus.
710 1254 765 1320 Sic
780 1278 905 1342 quoque
918 1256 1100 1320 emendabat
1111 1252 1226 1319 illustr.

66 1362 218 1429 Huetius.
261 1361 302 1427 In
316 1365 469 1432 veteribus
480 1378 511 1431 et
524 1366 745 1433 recentioribus
759 1366 952 1449 editionibus,
963 1367 1092 1433 destitit.

112 1591 205 1658 Car.
227 1594 282 1659 26.
315 1593 407 1659 Aded
432 1593 546 1660 melicis·
563 1605 619 1660 est.
663 1592 713 1661 Ita
745 1592 848 1661 MSS.
871 1594 973 1660 Vatia.
1029 1592 1069 1660 In
1092 1594 1227 1661 editione

12 1733 14 1736 ·
67 1704 221 1792 principe,
246 1704 325 1771 oded
347 1705 457 1773 meliis
483 1706 528 1771 in.
584 1705 785 1789 Puteolanas,
814 1703 892 1773 oded
919 1704 1037 1773 melida.
1092 1707 1228 1771 Pichena

68 1816 294 1896 emendaverat,
309 1816 386 1883 oded
398 1817 519 1883 malim.
652 1837 657 1852 ¹

113 1928 297 2017 Tempornm
319 1941 494 1996 nostrornm
508 1942 637 1997 actores.
682 1930 772 1997 Bend
786 1930 914 2017 Lipsius
929 1926 947 1993 d
964 1928 1042 1997 MS.
1056 1941 1226 2018 temporam

67 2052 251 2107 nostrornm.
299 2042 391 2109 Male
415 2055 533 2109 veteres
561 2043 723 2124 editiones,
747 2046 882 2131 ipsoram
910 2054 1094 2109 nost-coram.
1141 2042 1227 2108 Prn-

69 2150 154 2216 tered
166 2152 198 2217 in
213 2152 317 2220 MSS.
327 2153 430 2219 Vatia:
444 2166 582 2221 nectores
593 2178 653 2241 pro
666 2167 795 2222 actores.

112 2262 177 2330 Fas
190 2287 250 2332 csse
260 2264 381 2332 debeat.
427 2266 544 2333 Maiiet
556 2267 715 2348 Muretus,
729 2266 870 2334 dedebat.

115 2374 228 2442 Tenerd
255 2376 366 2445 dicere.
422 2380 555 2465 optime
591 2378 728 2466 Lipsius.
761 2376 817 2448 ‚In
846 2376 1000 2444 veteribus
1028 2374 1225 2467 editionibus,

69 2489 188 2556 cenare.

113 2598 196 2668 Pina
209 2602 267 2669 vis.
312 2603 440 2670 Frustra
449 2615 545 2669 tentat
559 2605 749 2686 Gronovius,
760 2603 833 2694 plns
847 2604 912 2669 ira.
938 2600 1083 2670 Ridicule
1095 2601 1228 2668 Sobora·

69 2710 236 2794 fleiscbins,
245 2713 321 2801 plns
328 2716 430 2803 paris.

116 2822 275 2891 Contenta
291 2827 409 2893 ordine.
453 2827 545 2895 Mald
557 2841 673 2894 veteres
682 2828 842 2909 editiones,
858 2838 1009 2894 contento.

115 2935 237 3007 Quibus
264 2939 375 3005 utitor.
421 2939 510 3006 Beni
553 2939 730 3007 Rhenanus.
774 2939 813 3006 In
841 2940 995 3006 veteribus
1031 2937 1229 3022 editionibus,

69 3047 197 3115 utimar.

112 3159 305 3252 Plerumque
331 3163 474 3232 detectas.
513 3166 650 3259 ,optime
681 3165 808 3253 Lipsius
841 3167 859 3233 ὲ
888 3165 966 3233 MS.
1011 3162 1050 3230 In
1074 3161 1226 3230 veteribus

68 3272 264 3358 editionibus,
278 3276 418 3364 dejectam.

113 3385 217 3455 Aliud
224 3410 339 3453 noram
354 3411 475 3478 agmen.
503 3389 630 3477 Lipsius
644 3391 661 3456 ὲ
678 3390 757 3460 MS.
771 3389 861 3456 alind
874 3390 961 3456 nobis
975 3411 1096 3479 agmen·
1130 3384 1226 3460 Quod

69 3499 213 3584 probarit
225 3511 258 3565 et
270 3501 365 3565 edidit
380 3500 529 3567 Pichena.

115 3611 156 3677 Sc
181 3623 257 3679 ante
282 3611 471 3679 Ciceronem.
516 3613 644 3680 Frustra
668 3627 767 3680 tentat
790 3613 1075 3694 Scburzfleiecbius,
1103 3613 1131 3677 si
1155 3619 1228 3675 ante

72 3723 248 3792 Ciceronem
272 3747 336 3792 non
361 3737 499 3792 numeret
520 3749 562 3792 sc.
618 3725 746 3812 Nempe
767 3725 816 3792 isti
838 3724 1103 3812 scholastici,'qui
1124 3735 1228 3788 vetera

70 3840 263 3924 spernebant,
278 3831 441 3924 praesentia
458 3836 635 3922 laudabant,
649 3861 682 3904 se
703 3841 930 3928 anteponebant
952 3835 1111 3916 Ciceroni,
1126 3835 1228 3902 Gabi·

69 3949 157 4016 niano
167 3951 405 4038 postponebant.

115 4174 206 4244 Car.
227 4185 282 4251 27.
305 4171 459 4244 Miratus.
504 4175 608 4246 MSS.
622 4176 725 4245 Vatia.
747 4177 874 4272 irama'
901 4170 940 4243 In
963 4175 1117 4244 veteribm
1139 4173 1229 4242 editi·

73 4289 191 4370 onibus,
206 4291 359 4358 miratae:
382 4292 490 4362 iratus.
505 4291 682 4381 onteqndm,
703 4293 757 4369 irc.
800 4290 928 4378 Lipsius
948 4287 967 4354 d
988 4291 1123 4379 quodam
1147 4287 1228 4354 libro

73 4401 184 4486 iaudat,
201 4401 301 4492 paolo
323 4403 400 4507 anti
410 4403 529 4487 dixisti,
545 4403 644 4492 plani
663 4403 799 4487 mitiore,
821 4405 874 4483 isc.
900 4425 958 4470 nea
977 4399 1052 4470 loeo
1070 4399 1226 4468 sanitatem
