2859 4950
43 328 69 389 J.
88 326 122 385 C.
140 329 189 392 70.
242 325 302 382 ΑΙ)
323 322 484 423 LlBRUM
505 321 703 392 QUltttrtJM
725 321 1046 397 Htsromntttttt„
1122 326 1181 383 515

42 482 135 553 tum.¹
209 495 290 568 stus,
312 476 426 551 subiti
447 476 644 574 inruptione
664 476 752 549 illud
773 476 934 574 occupari
953 496 1052 573 posse
1074 491 1181 565 ratus,

42 593 136 669 mittit
147 596 183 669 S.
196 592 390 683 Cerealem,
404 591 468 690 qui
483 618 575 689 cum„
582 592 764 667 lectissimi
780 592 928 665 militum
944 596 1073 669 uranu²
1095 592 1182 669 illud

40 726 140 784 noctu
155 710 301 783 invadat.
352 708 491 783 libori
512 710 624 785 noctis
638 707 754 783 ιὶοιιᾶ3
772 709 918 783 subiere.
968 708 1093 798 Judaei,
1108 730 1180 783 non

41 823 151 915 dediti,
180 843 219 899 ut
247 828 462 922 sperabatur,
490 848 628 914 somno,
656 824 770 898 statim
798 824 1022 899 adstiterunt:
1057 823 1181 897 aeriter

39 957 238 1038 pugnatum,
262 941 397 1015 minore
420 957 536 1015 tamen
567 942 823 1031 Romanorum,
848 940 955 1039 quim
979 942 1181 1021 Judaeorum

39 1052 141 1130 clade.
194 1058 377 1131 Romanus
404 1056 497 1132 enim
529 1056 641 1147 miles,
669 1057 751 1131 belli
783 1081 924 1156 gnarus,
957 1081 1031 1131 sese
1058 1056 1183 1155 signo⁴

37 1170 233 1263 noscitabat,
248 1189 283 1247 et
299 1172 389 1251 inter
410 1200 448 1249 se
463 1173 619 1270 stipatus,
636 1173 870 1271 consertisque
887 1170 1004 1261 scutis,
1020 1172 1113 1247 baud
1135 1171 1182 1249 ita

38 1286 232 1364 tulneribus
248 1291 395 1386 patebat.
439 1292 572 1364 Contra
583 1290 707 1380 Judaei,
724 1290 914 1366 temeritate
929 1290 1008 1379 acti,
1023 1312 1182 1363 suorunn

39 1426 102 1499 que
114 1405 161 1477 ob
176 1407 338 1481 tenebras
351 1404 475 1503 ignati,
491 1406 570 1502 plus
586 1405 662 1495 sibi,
677 1405 785 1505 quim
802 1405 970 1496 hostibus,
987 1404 1079 1479 exitii
1096 1401 1182 1507 infe?

38 1518 173 1592 rebant:
201 1521 360 1593 valebant
388 1538 504 1594 tamen
530 1547 700 1613 numer03
731 1547 795 1595 nec
825 1546 952 1620 pugnae
978 1522 1181 1627 finemrnoqr

37 1632 164 1708 adtulit.
218 1633 310 1711 Ortti
337 1636 428 1725 luce,
455 1662 538 1708 cum
566 1622 762 1709 discrimine
787 1636 894 1709 crevit
922 1636 1047 1709 ardor:
1074 1654 1180 1709 certa-

38 1769 113 1820 men
137 1766 217 1822 ante
244 1750 400 1849 quintam
416 1750 483 1822 diei
505 1752 650 1823 horam‘
673 1753 767 1824 haud
787 1752 995 1845 diremtum
1023 1769 1069 1841 et,
1092 1750 1183 1835 anci,-

36 1860 93 1957 piti
115 1864 273 1955 victorii,
302 1867 477 1965 utrimque
502 1868 700 1943 discessum.
750 1870 847 1943 Tum
879 1868 980 1941 Titus
1012 1868 1183 1943 struendis

37 1980 214 2081 aggeribus
238 1980 356 2056 acriits
378 1980 525 2073 institit,⁶
548 2001 587 2059 ut
611 1983 731 2081 templi
748 1984 1040 2085 oppugnationem
1057 1984 1182 2059 celera-

38 2110 96 2167 ret.
145 2094 311 2171 Primtim
344 2096 410 2171 fuit
441 2100 570 2184 Judaeis
602 2100 780 2175 resistendi
812 2100 976 2197 impetus,
1021 2116 1055 2173 et
1082 2103 1183 2199 juxta

38 2228 187 2287 montem
205 2213 414 2287 Olivarum⁷
440 2238 607 2313 empere:
633 2215 746 2290 sedvi
773 2215 934 2290 Romani
958 2215 1048 2313 pulsi
1069 2212 1182 2290 fiacri-

39 2322 127 2421 que.⁸
177 2332 297 2404 Aucta
310 2329 450 2404 tautum
465 2328 569 2407 inrito
585 2349 710 2409 conatu
726 2325 788 2405 ira

40 2559 137 2631 stadio,
149 2563 186 2620 ad
200 2563 230 2620 id
243 2563 368 2638 spatium
378 2561 491 2623 attonsa
503 2567 587 2624 undi·
676 2563 687 2598 ⁵
709 2565 843 2634 Qttietam
864 2563 919 2623 diei
937 2563 1043 2622 loram.
1063 2564 1129 2622 Jose
1149 2565 1181 2624 b.

39 2659 92 2716 que
116 2644 196 2702 circa
233 2644 434 2723 Hierosolyma
462 2647 583 2722 regione.
636 2642 978 2706 Bell.Jud.v1.2.n.6.
1012 2636 1179 2724 Tibine«

40 2719 172 2800 Ku'gmu,
195 2721 227 2787 sis
247 2722 397 2804 vestientes,
419 2725 460 2785 ult
479 2724 537 2805 ”dl
557 2729 586 2784 sl
635 2723 817 2806 ἇςξᾶμινοιτῖς
831 2726 914 2789 tuteris
929 2719 1106 2804 insulariique,
1119 2723 1180 2805 issi<

41 2795 105 2856 eins
117 2800 204 2883 κήαι
218 2799 262 2860 ir'
282 2802 412 2868 basim
433 2797 551 2870 notities
565 2810 586 2864 it
635 2812 758 2884 ripen-rm
771 2807 812 2870 tiis
826 2801 915 2885 litigas
928 2798 1078 2868 linium.

40 2878 120 2957 zistp
133 2885 238 2942 uaeas
259 2885 410 2963 Josepbus,
425 2885 499 2944 Bell.
514 2887 584 2944 lud.
677 2881 818 2944 ‘Aestus
830 2886 946 2944 institit.
975 2884 1092 2962 Josepb.
1107 2883 1179 2944 Bell.

43 2975 83 3018 vt.
98 2971 123 3020 1.
136 2982 165 3022 n.
180 2973 207 3022 1.
637 2965 706 3025 Jud.
720 2983 764 3023 vr.
778 2971 807 3024 2.
820 2984 849 3024 n.
864 2973 893 3024 8.

675 3041 838 3104 'Mentem
859 3043 1014 3104 olivarum.
1053 3045 1181 3122 Erupere

76 3117 86 3146 ¹
102 3121 335 3202 Propinqudtum.
356 3123 512 3202 Multaque
525 3140 586 3186 ten·
636 3125 733 3185 Judaei
746 3124 1066 3224 alterddie,postot1bm
1086 3141 1183 3182 ascen·

42 3201 109 3260 tevit
124 3203 220 3274 Titus',
234 3216 268 3262 ut
279 3205 419 3263 Jonnnem
433 3207 470 3262 ad
484 3207 586 3267 dediti·
637 3207 737 3264 derant
750 3205 884 3276 Romani,
896 3227 964 3280 petra
982 3197 1008 3262 >i
1017 3202 1080 3278 pulte
1092 3199 1182 3282 ipsique

42 3299 120 3340 ouem
142 3286 311 3344 adduceret.
352 3285 408 3342 Sed
429 3285 453 3342 is
472 3299 534 3346 erat
554 3289 584 3347 in
636 3286 720 3343 αὑτοῖν
733 3287 775 3348 ris
788 3279 881 3349 tutos,
900 3285 980 3343 circs
1001 3284 1182 3342 undecimam

42 3361 96 3420 dies
133 3366 312 3424 obstinatior.
353 3365 452 3440 Multa
489 3378 584 3426 tamen
638 3367 694 3424 diei
708 3367 818 3436 horam,
837 3367 898 3446 engi
916 3357 1123 3444 desitutus„-
1138 3365 1181 3427 τῖς

43 3441 116 3501 luere
137 3447 308 3504 ludaeorum
330 3445 494 3522 transfugis.
534 3450 584 3508 Jo-
636 3446 738 3526 retgas.
758 3445 873 3522 Joseph.
887 3448 941 3502 loc.
955 3447 1005 3519 cit.
1036 3443 1111 3520 Ergo
1131 3445 1207 3506 ills,
1282 3483 1283 3488 κ

42 3525 423 3601 seph.ssett.Jus.v1.e.n.
439 3535 463 3584 1.
478 3536 535 3589 2et
544 3536 575 3589 3.
638 3528 751 3604 eruptio
771 3527 848 3584 lucta
868 3527 914 3583 die
941 3533 986 3593 17.
1006 3525 1090 3592 Julii,
1113 3525 1181 3584 edm

78 3601 92 3629 ²
133 3605 301 3665 Lectissimd
341 3607 458 3664 militum
492 3629 585 3670 manu.
639 3607 688 3666 Sol
701 3608 738 3663 ad
753 3625 887 3664 occasum
900 3605 1032 3682 proxime
1046 3615 1181 3683 vergeret.

43 3682 120 3745 Lecti
146 3687 305 3764 esingulis
325 3687 459 3745 centuriis
485 3691 585 3748 triceni
639 3687 725 3743 Mons
756 3699 853 3744 sutem
887 3687 1037 3746 Olivarum
1071 3699 1112 3744 est
1144 3687 1182 3744 ad

43 3766 144 3826 milites
172 3767 369 3839 strenuissimi,
399 3777 428 3823 et
453 3770 585 3828 attributi
640 3767 787 3826 Orientem
803 3767 880 3824 urbis
893 3767 1061 3833 Jerusalem,
1080 3767 1183 3826 altissi-

42 3864 91 3919 per
102 3847 234 3906 millenos
247 3847 366 3906 tribuni.
386 3847 587 3928 losephbell.
636 3865 711 3917 mus,
729 3857 758 3905 et
778 3847 853 3904 unde
872 3867 928 3905 nen
950 3848 979 3904 in
1002 3847 1100 3904 urbem
1123 3859 1184 3906 tan·

42 3924 114 3985 Jud.·
125 3947 169 3986 vr.
184 3935 214 3987 2.
227 3947 255 3984 n.
270 3932 299 3986 5.
639 3927 713 3997 tdm,
726 3928 773 3985 sed
789 3928 818 3985 in
832 3947 929 3986 omnes
942 3927 1051 3985 circitm
1066 3929 1183 4005 campos

81 4003 306 4068 ³Hordeoctis
318 4005 400 4067 nond.
425 4009 496 4066 Haee
516 4009 588 4067 bora
640 4007 787 4087 lste'pntet
800 4021 973 4086 prospectus.
1016 4007 1104 4065 Haud
1118 4027 1183 4086 pro·

45 4103 99 4145 non
113 4089 202 4149 modb
215 4089 325 4148 insidiis
344 4099 518 4168 opportuna,
539 4091 587 4148 sed
640 4089 690 4146 cul
715 4087 735 4146 b
758 4097 852 4146 monte
873 4089 1038 4160 Olivnrum,
1062 4109 1098 4145 ex
1125 4107 1183 4164 quo

45 4168 80 4223 ad
93 4187 221 4247 pugnem
233 4188 349 4248 quoque
360 4170 533 4248 expeditain
545 4171 588 4228 his
639 4169 723 4228 lesus
743 4169 873 4227 Christus
894 4169 923 4224 in
941 4167 1027 4226 coelos
1046 4169 1183 4241 ascendit,

47 4247 109 4307 coeli
124 4261 263 4327 tert-seque
276 4253 436 4311 ardoribus.
470 4250 589 4308 Subiere
642 4260 684 4308 est
696 4251 795 4307 hortus
809 4249 1004 4317 Getbsemani,
1015 4248 1063 4306 ubi
1076 4247 1183 4308 aJudt

46 4339 140 4387 autem
155 4331 288 4402 Romani,
308 4343 342 4390 ut
353 4353 388 4390 ex
409 4339 588 4390 narratarum
644 4329 700 4387 fuit
719 4329 848 4406 proditus
872 4337 901 4386 et
923 4340 1033 4406 captus.
1074 4327 1183 4387 Matth.

48 4425 139 4468 rerum
153 4411 227 4469 serie
239 4413 361 4484 videtur,
371 4413 418 4472 die
434 4417 480 4471 15.
492 4411 578 4472 Julii.
644 4427 736 4469 xxvi.
751 4405 800 4468 36.
819 4407 903 4468 Joan.
917 4427 1012 4467 xvur.
1026 4414 1054 4466 2.

82 4487 100 4522 ⁴
117 4490 219 4569 Signo.
248 4492 378 4570 Signum,
411 4493 458 4551 tle
489 4493 592 4556 watch-
668 4484 700 4564 ,⁸
721 4490 802 4548 Pulsi
804 4488 964 4571 fractique.
988 4487 1186 4548 Narratsose·

44 4571 128 4645 word,
141 4580 175 4631 ut
185 4585 263 4656 saepe
275 4574 387 4636 dietum
399 4581 452 4634 est.
508 4631 513 4641 ,
646 4570 731 4651 phos,
744 4570 802 4632 loo.
820 4572 870 4634 cit.
885 4569 973 4652 pulsis
986 4579 1055 4634 tunc
1068 4567 1087 4630 J
1090 4569 1186 4636 odeis.
