2859 4950
242 271 304 337 472
639 260 977 323 SUPPLEMEN'PUM
1184 268 1224 335 Α.
1234 266 1270 325 U.
1280 270 1311 329 C.
1322 274 1375 331 stt.

115 450 121 455 ·
247 430 270 465 “
287 424 389 521 Dura
404 420 449 495 ad
466 416 647 493 crastinam
663 415 779 509 diem,
795 442 871 493 cras
887 417 979 491 mihi
987 416 1131 518 gratiam
1148 418 1305 495 referes.''
1327 426 1377 498 Hic

247 538 397 613 nouitate
426 536 498 635 spei
526 551 693 626 arrectus,
718 536 894 633 verbaque
922 560 1040 609 secum
1075 554 1252 633 reputans,
1279 544 1379 613 atrocia

247 654 449 750 introspicit,
474 669 642 751 paratque
657 650 836 739 indicium,
861 650 897 724 in
914 678 986 749 quo
1002 652 1118 725 salutis
1134 671 1244 743 certa,
1261 656 1380 751 plurima

247 768 398 844 fortunae
431 793 519 864 spes.
570 768 625 839 Ut
655 791 774 839 coram
803 768 947 839 Nerone
976 768 1114 857 adstitit,
1144 771 1263 842 audita
1289 770 1380 843 refert.

249 888 360 975 Reus,
377 883 557 957 confestim
570 884 606 953 in
615 883 727 955 vincla
743 899 873 979 raptus,
885 885 1063 957 tormentis
1073 886 1249 960 subditur.
1274 888 1381 959 Aduer-

246 1004 329 1077 sum
346 1004 490 1075 verbera
505 1016 540 1073 et
555 1000 653 1098 ignes
669 998 825 1095 primum
842 1000 1018 1097 pervicax,
1044 998 1179 1075 lactum
1191 1006 1317 1101 negat:
1340 1005 1381 1075 sed

247 1118 404 1215 supplicii
437 1117 657 1190 diuturnitate
690 1116 813 1206 victus,
849 1116 943 1215 aegri
976 1118 1124 1215 prolato,
1164 1120 1263 1215 quod
1291 1119 1383 1191 leviter

249 1235 461 1335 prodiderat,
473 1258 510 1305 se
527 1234 708 1330 sociosque
724 1234 882 1307 eamdem
899 1234 934 1305 in
951 1233 1086 1306 ruinam
1102 1235 1270 1307 detrudit.
1294 1234 1383 1307 lllultu

249 1352 415 1451 sanguine
428 1347 565 1447 expiati
581 1350 830 1448 conjuratione,
845 1349 1107 1445 superstitionis,
1131 1354 1237 1449 cujus
1253 1350 1384 1423 instinctu

250 1470 384 1541 detecta
412 1465 630 1553 credebatur,
655 1465 747 1560 apud
765 1464 960 1561 Principem
986 1464 1091 1538 crevit
1117 1465 1256 1539 bonose
1283 1464 1382 1539 addidit

250 1583 472 1683 haruspicum
487 1580 687 1677 extispicia:
713 1598 752 1657 ut
770 1583 880 1681 major
896 1581 1075 1659 accederet
1090 1580 1269 1657 securitas.

304 1824 363 1891 66.
390 1817 694 1891 tuconommrr
712 1814 800 1889 crim
816 1814 861 1887 ita
877 1812 996 1886 fuisset
1013 1816 1228 1907 consultum,
1254 1812 1384 1889 intentior

252 1931 318 2016 fuit
347 1929 527 2004 libidinum
556 1954 649 2005 cura.
701 1930 794 2007 Juvit
818 1954 874 2003 eas
899 1931 1110 2004 abscondere
1126 1932 1291 2030 Neapoli,
1314 1929 1384 2029 quid

253 2046 300 2119 rbi
332 2046 411 2144 plus
444 2046 658 2137 deliciarum,
692 2046 806 2120 minus
835 2046 988 2144 periculi.
1041 2048 1216 2147 Vrgebant
1248 2046 1384 2132 mau'ni,

254 2164 397 2260 quandb
427 2163 565 2260 gravior
589 2182 713 2246 exorta
728 2180 779 2237 est
795 2164 960 2261 procella,
986 2190 1091 2263 quam
1113 2190 1178 2239 nec
1207 2162 1383 2261 superstitio,

254 2303 319 2353 nec
335 2279 387 2351 vis
402 2275 583 2376 Principis,
606 2304 672 2353 nec
699 2279 897 2353 continuata
921 2296 972 2351 tot
994 2298 1103 2355 annos
1121 2282 1302 2355 Caesarum
1316 2302 1385 2351 reve·

254 2395 365 2469 rentia
396 2408 575 2469 averteret.
626 2394 765 2469 Initium
795 2396 915 2469 habuit
943 2397 979 2470 in
1010 2396 1143 2471 Galliis.
1197 2393 1384 2474 Provinciam

253 2537 321 2612 pro
336 2530 486 2610 praetore
501 2511 675 2585 obtinebat
692 2514 737 2587 C.
755 2511 864 2586 Julius
877 2513 1044 2604 Vindex,²·
1068 2513 1292 2612 Aquitanos,³
1308 2511 1385 2603 stirpe

255 2625 352 2728 regii
367 2626 549 2713 oriundus,
570 2627 675 2706 animi
691 2627 891 2726 consiliique
906 2627 1042 2727 ingens,
1059 2645 1155 2702 tanto
1172 2629 1296 2718 acrior,
1312 2623 1383 2723 quid

256 2743 414 2842 pluribus
429 2741 551 2818 iuriis
565 2739 708 2842 integer.
760 2743 813 2818 llli
830 2770 902 2817 non
918 2744 1067 2836 avaritia,
1083 2769 1156 2820 non
1171 2744 1320 2831 ambitio,
1334 2759 1383 2811 non

256 2857 395 2948 invidia,
420 2855 482 2930 sed
510 2857 619 2932 laudis
647 2859 790 2956 cupido,
825 2859 988 2952 libertatis
1017 2859 1184 2952 studium,
1215 2851 1384 2959 propudiosi

258 2971 430 3069 Principis,
442 2972 576 3064 odium,
600 2977 699 3074 cujus
724 2973 849 3074 flagitia
864 2993 1044 3074 pertaesus,
1068 2977 1249 3078 publiciun
1264 2974 1383 3050 dedecus

259 3088 483 3195 propulsandi
497 3089 667 3206 impetum
682 3090 784 3192 cepit.
1073 3079 1078 3086 ¹

304 3421 313 3448 ¹
336 3421 504 3498 Extispicic.
546 3423 663 3496 Sueton.
685 3424 715 3486 in
740 3427 810 3486 Ner.
863 3411 1022 3488 Curitinum
1033 3425 1171 3504 pallorem
1186 3417 1378 3496 umidioris·

264 3519 331 3560 nvr.
373 3502 417 3558 De
441 3502 643 3580 haruspicibus
665 3505 811 3585 extispicls
866 3511 919 3569 uit.
960 3509 1012 3568 tra
1032 3508 1107 3567 certd
1121 3508 1228 3587 sonent
1249 3497 1377 3564 Porcittu

258 3586 321 3660 jam
336 3581 447 3639 dictum
460 3587 716 3663 superilluminet.
735 3594 799 3661 15„
868 3591 967 3662 tronis,
989 3590 1061 3646 cluri
1073 3589 1148 3647 iuter
1162 3589 1304 3666 magistros
1315 3580 1378 3640 dicti·

304 3657 319 3687 ²
338 3659 371 3720 0.
392 3660 489 3722 Julius
514 3664 630 3734 Vindex.
673 3669 757 3742 llaec,
784 3679 813 3738 ct
868 3671 907 3744 di,
927 3677 1121 3742 assectatores,
1145 3667 1335 3728 similitudinem
1350 3673 1377 3714 tt

264 3761 330 3820 quae
351 3743 386 3800 de
410 3742 534 3802 Vindice
558 3762 727 3824 sequuntur,
751 3751 814 3827 pto-
869 3751 938 3810 loris
951 3749 1053 3810 studiis
1067 3750 1207 3809 contracti
1222 3749 1343 3806 murra:
1358 3739 1375 3790 ‘l

265 3821 338 3882 dunt
355 3823 424 3892 Dio,
446 3841 542 3884 rxtu.
562 3846 591 3903 p.
610 3834 679 3907 724.
696 3831 815 3902 Suetus,
866 3833 950 3909 paulo
963 3831 1029 3888 out?
1041 3829 1151 3890 Iulium
1167 3829 1299 3890 Vindicem
1315 3831 1375 3904 wlf·

266 3904 296 3959 in
311 3903 380 3960 Ner.
395 3919 449 3962 xz.
465 3905 614 3965 Plutarch.
625 3908 655 3965 in
664 3909 774 3979 Galba,
785 3931 814 3988 p.
869 3921 956 3972 torem
983 3911 1061 3970 illum
1088 3911 1107 3969 d
1127 3911 1242 3970 Neruae
1263 3905 1372 3988 lilerttlts

268 3987 356 4042 1054.
399 3983 551 4062 Perpetem
576 4000 671 4046 tamen
699 3990 814 4048 Plutur·
870 3995 1029 4070 cuptutioue
1050 3991 1262 4052 resumemus
1274 3987 1372 4046 moeru-

268 4061 342 4121 chus
368 4057 451 4128 'lim
482 4059 593 4139 odrici,
627 4087 679 4145 pto
712 4065 813 4136 ’ῐιίλιοςΙ
871 4083 939 4132 tum.
994 4074 1157 4131 Nummum
1193 4051 1370 4150 Vindiciuftl

268 4141 427 4212 Quomodd
460 4145 575 4206 Vindex
603 4147 673 4224 ficto
705 4151 815 4242 pellote
871 4154 1012 4231 spurium,
1047 4153 1168 4229 protulit
1201 4140 1368 4212 mediobarbus

135 4267 140 4272 .
267 4224 416 4282 Neronem
426 4223 626 4304 intestamenti
639 4249 719 4309 spem
740 4249 815 4290 erec·
871 4255 902 4312 p.
915 4241 966 4303 97.
978 4253 1013 4291 ex
1027 4233 1142 4292 Strudd.

269 4312 333 4361 tum
353 4303 506 4382 deceperit,
526 4307 649 4368 furorem
673 4311 729 4370 boc
750 4323 815 4372 astu
914 4309 1106 4390 'aquitanus
1128 4313 1289 4386 Mela,11.2.
1305 4295 1367 4368 Alf

268 4393 438 4466 emeliam&
457 4387 543 4462 (beel
561 4389 681 4471 Plinius,
693 4411 752 4457 xx.
768 4400 816 4458 14.
874 4415 962 4465 retus
975 4396 1013 4457 ud
1027 4395 1200 4464 Garumnam
1212 4388 1344 4471 Aquoni-
