2859 4950
47 274 185 333 aare.
304 234 310 257 '
350 266 489 367 'niam
513 266 621 327 notu
642 252 882 327 laurarum.
1146 282 1203 347 ³71

47 426 328 527 prorogatoque¹
353 446 417 518 per
442 438 557 494 totum
571 446 703 495 annum
730 422 880 497 Cacinae
903 423 1116 525 magistratu,
1131 429 1204 529 ipse

50 540 206 619 bimestri
224 540 412 639 dignitate
436 564 474 611 se
485 538 667 629 abdicavit,
683 538 768 611 nihil
785 558 906 615 conua
922 542 1016 642 leges
1033 570 1070 619 se
1087 544 1206 621 fecisse

46 657 274 759 jurejurando
313 653 515 753 professus,³
549 659 680 755 majore
715 656 875 747 vanitate,
917 659 1024 757 quam
1052 662 1204 737 veritate.

51 774 184 852 Consul
211 771 318 864 enim,
343 790 378 848 et
407 789 507 847 extra
528 762 730 864 honorem,⁴
760 774 846 873 juris
871 774 1011 850 dicundi
1031 778 1209 868 assiduus,¹
1260 848 1267 863 ,

49 913 316 989 nonnumquam
342 887 364 962 a
389 888 595 987 praescriptis
622 890 743 989 legum
759 891 967 982 discedebat,
995 896 1207 993 quandoque

50 1032 93 1079 ex
107 1008 206 1081 bono
217 1022 253 1079 et
269 1030 386 1103 aequo,
396 1005 525 1103 saepifis
537 1004 732 1079 inconsulta
749 1006 852 1081 animi
869 1008 1017 1097 levitate,
1030 1026 1064 1081 et
1080 1010 1207 1085 amenti

51 1121 191 1195 similis.⁵
235 1124 356 1196 Novas
372 1138 490 1197 tamen
505 1123 601 1222 leges
617 1123 783 1211 condidit,
795 1122 860 1197 sud
876 1122 1032 1213 utilitate,
1041 1125 1208 1225 Principis

52 1235 208 1313 daliote
220 1240 393 1337 probatas.
447 1233 617 1313 Rectores
633 1239 727 1313 enim
743 1240 1011 1338 provinciarum,
1024 1240 1156 1313 diutius
1172 1240 1208 1314 in
1258 1288 1260 1295 ,

53 1354 149 1427 Urbe
175 1354 308 1427 morari
336 1354 467 1445 solitos,
489 1348 614 1453 jussit⁶
634 1356 674 1430 in
696 1382 754 1429 eas
775 1373 853 1429 ante
881 1356 1052 1431 Calendas
1068 1356 1210 1452 Apriles

54 1468 246 1565 proficisci:
278 1469 380 1544 simul
413 1469 521 1545 vetant
559 1476 588 1513 ‘⁶
615 1495 661 1543 ne
688 1467 754 1544 sibi
782 1497 847 1568 pro
876 1471 1017 1568 accepta
1045 1471 1210 1569 dignitate

56 1586 229 1685 “gratias
252 1604 395 1685 agerent
407 1589 447 1679 ;’'
473 1584 650 1686 professus
674 1594 700 1630 “
729 1582 770 1661 se
783 1588 977 1686 Principem
985 1616 1000 1678 -3
1028 1587 1210 1686 ipsos'esse

57 1706 79 1743 ‘⁶
102 1700 319 1799 principatus
334 1703 529 1803 adjutores:
548 1704 641 1802 apud
657 1728 695 1776 se
710 1702 856 1802 gratiam
872 1702 1080 1800 laudemque
1092 1721 1211 1777 nactu-

57 1822 80 1859 “
102 1842 174 1908 ros,
203 1818 234 1891 si
262 1844 307 1891 ex
329 1819 527 1916 provinciis,
552 1819 667 1893 officio
696 1817 836 1917 egregi&
854 1816 1039 1914 perfuncti,
1063 1834 1211 1893 reverte·

59 1938 81 1972 “
103 1934 267 2005 rentur.”
334 1936 468 2033 Legem
501 1935 643 2033 Papiam
675 1935 877 2031 Poppaeam,
912 1933 933 2005 a
965 1933 1107 2008 Tiberio
1140 1938 1212 2034 jam

60 2047 252 2139 mollitam‚⁷
276 2050 338 2123 sed
354 2051 391 2122 in
407 2051 474 2125 hoc
488 2052 599 2127 Urbis
618 2052 707 2127 luxu
732 2051 846 2124 adhuc
871 2050 1079 2149 graviorem,
1095 2051 1214 2125 mode-

61 2180 149 2237 ratus
172 2182 249 2239 est:
288 2183 324 2240 et
356 2166 626 2269 sexagenarios,⁸
652 2168 713 2267 qui
743 2192 891 2241 uxorem
923 2166 1216 2267 quinquagenaria

100 2434 354 2521 ¹Prorogotoqur.
397 2443 465 2515 Dio,
478 2444 548 2504 ibid.
668 2456 839 2510 crearentur,
875 2442 922 2501 sed
956 2438 1076 2512 tamdiu,
1094 2450 1127 2498 ut
1147 2438 1215 2516 logis

100 2513 115 2541 ²
133 2520 271 2582 Bimeatri
279 2526 429 2602 dignitate.
450 2529 569 2586 Sueton.
583 2526 612 2584 iu
668 2529 906 2604 punaritarvtur.
928 2524 1026 2601 Caput
1040 2523 1116 2580 istud
1131 2522 1217 2578 Tibe·

65 2591 166 2661 Claud.
178 2622 249 2663 xrv.
669 2609 781 2665 riarium
800 2606 956 2681 obrogavit,
976 2605 1005 2660 id
1020 2617 1071 2671 est,
1093 2602 1217 2662 mutavit

100 2673 112 2708 ³
130 2681 330 2761 Jurejurando
348 2686 502 2765 prqfersur.
542 2687 612 2758 Dio,
669 2687 832 2746 Claudius.¹
843 2686 925 2744 Unde
937 2686 1054 2742 Sueton.
1067 2685 1097 2742 in
1109 2683 1216 2742 Claud.

67 2754 131 2819 ibid.
151 2761 200 2821 Ob
214 2762 274 2823 tale
282 2766 500 2843 jusjurandum,
512 2768 613 2845 Traja-
671 2786 772 2826 xxrrt.
786 2767 843 2824 ait:
866 2765 961 2842 Capiti
983 2763 1079 2842 Pupia
1093 2765 1217 2842 l'oppoeoe

37 2867 42 2876 ·
67 2854 140 2927 llum,
160 2845 212 2920 qui
226 2847 339 2923 egregia
351 2850 529 2923 promiserat,
554 2869 615 2906 ma·
670 2849 750 2926 legis,
764 2850 781 2906 d
797 2846 909 2916 Tiberio
920 2845 1039 2916 Curare,
1050 2847 1129 2922 qumi
1141 2865 1218 2902 sera·

68 2935 129 2989 1οΝ
150 2926 296 3000 prestitit,
321 2927 422 2988 laudat
447 2929 558 2986 Plinius
584 2928 613 2986 in
668 2929 780 3007 genardi
799 2946 1004 3006 generarentur
1026 2927 1146 3003 possint,
1170 2927 1220 2984 od·

71 2997 232 3080 Panegyric.
247 3025 325 3066 mv
340 3021 369 3066 et
382 3027 460 3067 axv.
670 3012 741 3080 dito,
751 3009 909 3084 abrogauit.
928 3005 972 3066 EA
981 3007 1046 3064 verd
1057 3005 1220 3064 conditione

104 3074 120 3113 ⁰
148 3085 246 3147 Extra
279 3089 419 3149 honoror.
467 3089 615 3148 Abdicato
671 3091 828 3167 obrogarit,
863 3100 896 3145 ut
929 3089 1137 3164 sexagenarius,
1174 3085 1218 3146 vel

72 3163 229 3226 consulatu.
671 3171 757 3229 etiam
776 3167 959 3246 sexagenario
983 3169 1075 3243 major
1099 3185 1220 3224 uxorem

106 3237 368 3308 'Ameutirimilia
387 3247 503 3307 lllultus
517 3247 572 3308 hac
587 3249 616 3305 in
671 3252 810 3324 minorem
828 3245 1072 3326 quinquagenaria
1092 3248 1219 3306 duceret.

74 3321 234 3407 rsSueton.
253 3329 284 3385 in
304 3327 411 3388 Claud.
436 3349 495 3388 xiv
518 3341 548 3387 et
564 3349 617 3388 xv.
674 3332 707 3389 ld
731 3351 782 3388 nos
800 3331 884 3388 docet
904 3329 1047 3404 Ulpianus
1072 3327 1131 3385 Tit.
1154 3345 1221 3386 avt.
1319 3377 1323 3384 .

74 3417 187 3482 tumque
222 3407 363 3487 exemplis
395 3409 618 3489 quamplurimis
673 3419 692 3470 3
716 3423 747 3470 ot
767 3420 797 3469 4.
829 3409 887 3478 Qui
913 3408 993 3467 intrd
1013 3411 1221 3485 sexagesimum,

75 3483 226 3548 confirmat.
458 3484 462 3494 ¹
673 3493 719 3550 uel
732 3511 792 3569 quoe
803 3491 881 3548 intro
903 3489 1155 3568 quinquagesimam
1175 3511 1224 3548 an·

106 3555 125 3652 ⁸⁶
148 3565 255 3630 Juaoit.
295 3570 399 3649 Iegem
424 3571 499 3632 hanc
520 3571 619 3632 retulit
673 3592 748 3643 auen,
770 3572 865 3629 neutri
883 3569 941 3648 legi
953 3569 1053 3642 (luliae
1075 3583 1104 3628 et
1127 3571 1223 3648 Papiae

78 3638 141 3716 Dio,
156 3665 211 3709 Lx.
224 3671 255 3729 p.
265 3648 336 3720 672.
678 3651 820 3732 Poppaeae)
836 3651 977 3730 paruerit,
996 3651 1063 3710 licet
1075 3652 1143 3728 ip'st's
1155 3652 1226 3730 legi-⁴
1284 3711 1294 3724 ,

111 3720 287 3792 ’Mollitam
300 3732 448 3810 Videquae
463 3733 620 3792 dictasunt
677 3725 726 3792 dur
752 3740 816 3809 post
847 3733 917 3790 lario
950 3739 1059 3792 etatem
1085 3731 1225 3791 liberatus

78 3813 398 3973 ’Ἣέἇῖᾎὲΐό
412 3817 506 3952 ‘disi‘
529 3894 620 3971 ng...
677 3823 759 3954 tlt:
775 3813 1227 3954 tl‘ttttttt..tt”²l{t}·

80 3958 193 4041 Pstplam
206 3973 361 4054 Poppaeam
374 3975 538 4033 moderatus
555 3975 623 4031 fuis·
679 3936 778 4034 ciono':
801 3975 943 4050 (eruditus
956 3973 1121 4034 Perizonius
1134 3994 1227 4032 emen-

81 4053 119 4101 aet
131 4045 272 4129 Tiberius,
291 4067 382 4135 caput
395 4065 489 4114 tamen
503 4055 622 4115 addide·
681 4057 731 4115 dat
749 4055 921 4126 Persiciano,
943 4055 1023 4131 qudd
1046 4056 1154 4114 Paulus
1175 4055 1227 4113 Fa-

83 4133 510 4215 maquosexogenaritetnmsi
521 4155 624 4194 uxores
682 4138 747 4195 bius
769 4137 899 4196 Persicus
925 4135 1026 4194 consul
1052 4135 1118 4208 tuit,
1142 4137 1229 4218 impe·

85 4201 223 4286 ducerent,
234 4220 325 4296 peanis
335 4230 429 4276 tamen
443 4217 514 4294 legis
526 4217 625 4294 Papiae
683 4229 762 4276 rante
774 4217 899 4285 Tiberio,
921 4219 958 4274 A.
968 4217 1006 4276 U.
1020 4217 1056 4274 C.
1078 4223 1148 4287 197.
1188 4223 1230 4278 At

87 4279 212 4365 P⁰Ppoeae
237 4299 435 4374 subjacebant.
466 4299 628 4356 Contende·
682 4297 772 4376 legem
789 4299 908 4376 Papiam
927 4299 1088 4376 Poppaeam¹
1103 4298 1230 4356 modera-

88 4360 134 4421 bat
144 4371 217 4432 enim
230 4378 361 4438 Tiberius
382 4380 548 4438 infoecunda
564 4377 628 4436 brec
684 4391 731 4438 tus
759 4389 801 4437 est
824 4377 956 4437 Tiberius
980 4383 1019 4437 A.
1042 4377 1080 4438 U.
1103 4379 1137 4437 C.
1163 4383 1231 4443 773.

90 4451 263 4516 mammonin
272 4477 329 4519 non
339 4459 415 4534 iniri,
429 4469 463 4524 ut
472 4458 555 4520 liberi
566 4477 631 4540 pro·
686 4459 809 4520 Mallem
847 4459 945 4538 itaqua
976 4459 1121 4524 emendari
1153 4457 1234 4536 Tite,
