2859 4950
233 263 290 320 108
595 248 629 307 C.
650 244 850 305 CORNELII
869 244 1008 305 TACl'l'l

226 436 266 485 ac
283 432 375 505 saepe
398 404 519 479 iisdem
542 401 658 479 castris
682 402 801 497 pedes,
822 426 1011 501 equesque,
1028 418 1062 475 et
1086 379 1246 479 nauticus
1270 408 1373 501 miles,

230 525 330 599 mixti
347 522 452 619 copiis
469 540 503 595 et
520 518 647 607 laetiu'ai,
673 542 735 591 sua
752 517 898 613 quisque
915 516 1017 607 facta,
1038 544 1119 608 suos
1134 546 1238 595 casus
1254 528 1376 598 attolle-

230 656 330 713 rent:
357 662 396 711 ac
414 636 521 711 modo
540 641 564 677 “
590 634 765 731 sylvarum
781 650 817 705 et
842 634 1010 707 montium
1034 634 1250 731 profunda‚''
1277 641 1375 713 modd

232 764 258 799 “
283 772 523 850 tempestatum
540 765 579 823 ac
598 750 768 823 fluctuum
793 749 973 838 adversa,'’
995 750 1075 825 hinc
1087 760 1119 832 ‚“
1136 770 1232 825 terra
1248 773 1283 826 et
1309 756 1376 828 hos

233 880 258 915 “
284 872 364 959 tis,''
382 870 462 943 hinc
481 876 643 939 “auctus
662 868 825 938 Oceanus
838 868 887 899 ”¹
912 866 1048 941 militari
1059 868 1223 966 jactantia
1250 896 1376 968 compa·

232 1004 401 1059 rarentur.
445 992 470 1027 “
488 982 672 1057 Britannos
685 984 709 1014 ”
728 1008 882 1078 quoque,
899 1000 937 1054 ut
952 1010 999 1057 ex
1015 984 1155 1079 captivis
1170 987 1377 1075 audiebatur,

234 1112 260 1147 “
286 1103 356 1175 visa
381 1099 494 1173 classis
517 1094 820 1193 obstupefaciebat,
847 1115 1036 1194 tamquam,
1060 1117 1180 1196 aperto
1206 1103 1312 1174 maris
1334 1105 1376 1175 sui

234 1227 260 1261 “
285 1235 431 1303 secreto,
465 1214 625 1289 ultimum
659 1212 756 1285 victis
785 1212 984 1311 perfugium
1016 1216 1279 1290 clauderetur.”
1325 1220 1376 1291 Ad

233 1356 357 1411 manus
390 1348 423 1405 et
456 1356 551 1403 arma
584 1329 740 1403 conversi
775 1330 999 1404 Caledoniam
1031 1331 1222 1405 incolentes
1255 1334 1377 1431 populi,

234 1466 354 1547 paratu
368 1471 508 1543 magn0,
522 1448 649 1543 majore
662 1442 770 1533 fami,
783 1444 832 1517 uti
849 1469 925 1517 mos
937 1464 988 1519 est
1000 1448 1046 1519 de
1056 1447 1197 1545 ignotis,
1215 1457 1243 1493 “
1256 1474 1376 1547 oppug-

235 1572 260 1607 “
286 1562 385 1636 nisse
410 1564 566 1649 ultro‚''²
592 1561 728 1634 castella
752 1560 888 1647 adorti‚³
916 1579 1060 1651 metum,
1083 1580 1122 1635 ut
1145 1582 1377 1660 provocantes

232 1679 457 1751 addiderant:
487 1676 866 1774 “regrediendumque
889 1677 973 1749 citra
997 1680 1214 1770 Bodotriam,
1231 1698 1270 1753 et
1290 1704 1377 1752 exce·

235 1806 261 1839 “
287 1795 441 1868 dendum
454 1792 583 1888 potius,
597 1790 705 1889 quim
715 1790 965 1887 pellerentur,''
982 1792 1095 1891 ignavi
1111 1797 1227 1891 specie
1239 1796 1377 1892 pruden·

235 1913 323 1983 tium
339 1910 590 1981 admonebant:
619 1908 705 1981 ciam
723 1905 860 1977 interim
877 1909 1081 2005 cognoscit,‘
1106 1917 1133 1953 “
1149 1910 1270 1983 hostes
1285 1909 1378 2008 pluri·

235 2034 261 2069 “
287 2028 352 2097 bus
376 2023 570 2118 agminibus
594 2023 833 2119 inrupturos.”
860 2029 941 2104 ,Ac
964 2048 1010 2099 ne
1026 2043 1211 2122 superante
1227 2049 1377 2109 numero,

236 2158 270 2213 et
287 2139 406 2236 peritii
423 2140 582 2211 locorum
599 2138 854 2228 circumiretur,
870 2139 978 2215 diviso
995 2159 1030 2214 et
1048 2141 1173 2238 ipsein
1188 2160 1262 2215 tres
1277 2158 1378 2240 partes

237 2272 391 2329 exercrtu
409 2275 554 2329 incessat.

286 2498 346 2562 26.
375 2491 492 2584 Quot>
519 2488 577 2562 ubi
595 2489 774 2587 cognitum
800 2489 902 2580 hosti,
922 2508 1055 2564 mutato
1071 2491 1216 2588 repente
1234 2489 1377 2574 consilio,

238 2605 387 2680 universi
416 2631 543 2678 nonam
578 2605 777 2702 legionem,‘
806 2623 845 2678 ut
874 2607 1026 2679 maxime
1059 2607 1260 2698 invalidam,
1287 2623 1378 2678 nocte

236 2721 402 2819 adgressi,
426 2721 516 2794 inter
543 2745 705 2794 somnum
733 2747 774 2796 ac
802 2723 1064 2819 trepidationem
1092 2724 1188 2798 caesis
1216 2722 1376 2822 vigilibus,

236 2838 408 2934 inrupere.
459 2839 605 2934 Jamque
629 2836 664 2910 in
689 2837 770 2934 ipsis
794 2839 912 2912 castris
934 2841 1147 2938 pugnabant,
1172 2841 1260 2912 ciam
1285 2833 1377 2933 Agn'·

238 2954 327 3042 cola,
356 2953 421 3027 iter
449 2953 599 3026 hostium
624 2957 667 3026 ab
693 2956 969 3052 exploratoribus
993 2959 1150 3045 edoctus,
1177 2973 1214 3028 et
1243 2947 1379 3048 vestigiis

244 3307 247 3314 ·
282 3274 292 3302 ¹
308 3277 417 3336 Arctus
432 3279 565 3336 Oceanus.
580 3279 787 3338 Gloriabautur
881 3279 896 3314 ⁴
917 3281 1077 3359 Cognoscit.
1091 3281 1238 3359 Agricola,
1248 3251 1313 3337 drlm
1326 3273 1376 3337 ltss'c

241 3379 270 3414 se
302 3357 410 3416 Oceani
445 3360 578 3418 terminos
609 3363 787 3438 propagasse.
844 3366 985 3437 coguovit,
1009 3363 1122 3419 videtur
1142 3362 1226 3419 luisse
1246 3361 1274 3416 in
1293 3353 1375 3415 alati»

243 3439 291 3497 Sic
303 3451 405 3496 auctus
419 3441 564 3498 Oceanus.
697 3508 701 3513 ,
843 3445 951 3511 castris,
972 3461 1050 3500 uuuc
1069 3444 1256 3519 Edirtburglr5
1277 3449 1309 3495 ut
1324 3435 1375 3509 jam

282 3513 296 3541 ²
337 3521 516 3596 Oppugatisse
548 3523 634 3579 ultro.
677 3525 790 3599 Majorc
846 3525 957 3581 ruunuit
971 3525 1101 3580 cruditus
1115 3525 1246 3592 Gordon,
1265 3518 1376 3576 Itinera·

243 3597 332 3672 fama,
355 3597 396 3656 uti
419 3621 478 3657 tutu
490 3615 532 3658 est
550 3603 584 3660 tle
597 3605 707 3677 ignotis,
730 3607 791 3662 ttri-
846 3605 919 3662 rium
932 3605 1165 3680 Septentrionale,
1178 3625 1207 3680 p.
1220 3597 1269 3661 36.

243 3697 344 3740 taunos
375 3682 553 3756 oppugnasse
584 3683 669 3741 ultro.
713 3687 789 3744 Nam
886 3682 1033 3743 ‘Nouam
1046 3686 1191 3764 legionem.
1205 3685 1251 3742 De
1261 3679 1316 3758 qua
1324 3679 1375 3752 jam

245 3761 436 3819 calnacusnllu
457 3763 550 3820 radulti
570 3774 669 3832 esseut,
691 3785 791 3842 sparsa
846 3766 959 3824 dictum
991 3784 1079 3840 supra
1104 3767 1135 3822 in
1154 3776 1213 3822 not.
1232 3777 1260 3821 et
1279 3753 1375 3817 emend·

245 3843 384 3920 est-simio
408 3845 481 3918 ipsos
502 3845 579 3902 ultro
597 3846 694 3902 bellum
718 3848 792 3904 iatu-
845 3847 882 3902 ud
912 3848 988 3904 llist.
1017 3863 1054 3902 tt.
1082 3842 1112 3904 6.
1152 3847 1197 3902 Ea
1223 3844 1294 3920 logio
1318 3849 1375 3921 1⁰¹3(

245 3922 326 3988 lisse,·
348 3931 432 3999 alque
458 3925 520 3980 linc
546 3933 633 3990 nictus
658 3925 791 3984 Romanis
848 3927 960 3984 videtur
984 3926 1069 3984 fuisse
1094 3927 1123 3982 in
1148 3924 1293 4002 provincii
1313 3917 1374 3993 thc.

245 4003 399 4072 cstodelam,
411 4017 442 4064 ut
454 4004 529 4062 recti
543 4005 670 4081 explicat
684 4006 792 4064 lllustr.
848 4021 1009 4083 castroque,
1035 4008 1113 4082 quod
1138 4008 1235 4064 adhuc
1255 4011 1338 4066 extat,
1353 4004 1376 4048 ‘¹‘

246 4083 381 4142 llucttus.
749 4105 769 4140 l
847 4088 955 4144 dicitur
977 4087 1112 4146 Lachere.
1154 4089 1229 4144 Vide
1246 4079 1374 4142 eruditum

276 4159 298 4194 '³
320 4163 444 4222 Castella
470 4164 574 4222 arlorla'.
597 4166 641 4222 Ex
663 4165 707 4224 his
733 4186 793 4224 cas·
849 4169 978 4235 Gorclon,
1003 4167 1060 4225 loc.
1083 4170 1135 4228 cit.
1175 4165 1300 4225 invalida
1319 4150 1374 4215 saul

246 4243 321 4302 tellis
347 4245 487 4302 notmulla
517 4245 613 4302 adbuc
638 4259 739 4304 extant
763 4250 792 4304 in
850 4248 1095 4324 luitlegio,qudd
1116 4249 1215 4308 multis
1234 4234 1374 4324 prenisti-

246 4326 399 4402 protinciis
425 4325 498 4402 llll,
525 4323 622 4398 Perta,
655 4341 683 4386 ct
711 4327 793 4386 Stra·
849 4341 910 4386 erat
931 4330 1093 4388 imminuta.
1135 4330 1204 4387 ldeo
1218 4323 1374 4405 posteasulr

246 4406 337 4463 thera.
823 4461 828 4479 ι
851 4410 937 4485 pleta,
957 4411 1092 4487 dictaque
1104 4411 1237 4471 Gemitu.
