2859 4950
620 101 622 104 Ι
728 38 747 83 Ι

263 286 323 349 ssa
567 282 691 343 nore
713 284 766 345 nr
787 282 1123 371 nnnnnsnosns

261 456 397 519 presens
411 432 578 517 ingenuitas
592 435 732 503 meisvel
754 439 908 505 bonorum
930 440 1090 507 hominnm
1111 441 1255 507 manibus
1271 446 1403 507 robonn

262 566 335 611 cum
349 543 546 631 stipulatione
559 547 690 612 subnixa
704 548 850 635 omnique
864 564 1006 637 tempore
1020 551 1118 619 valeat
1132 552 1345 619 inconvulsa.'’

308 656 403 721 Nunc
425 658 498 721 reso
522 659 628 745 quanti
655 658 789 745 singulas
817 662 1006 729 conditiones
1036 662 1165 730 fecerint
1193 664 1357 745 Germani,
1379 688 1404 729 er

264 766 388 833 dirersis
395 790 500 833 earum
511 768 616 855 pretiis
631 768 708 835 libet
723 770 882 839 estimare.

248 1478 336 1546 ΦΕ
359 1474 598 1544 DIVERSIS
615 1473 756 1541 APUD
780 1472 1060 1540 GERMANOS
1080 1472 1296 1544 PRETIIS
1320 1478 1411 1545 PRO

471 1642 834 1711 CONDITIONUM
853 1643 1201 1714 DIVERSITAYE.

303 2142 444 2208 Minuit
473 2142 545 2208 sani
571 2158 617 2209 est
642 2140 694 2209 Cl.
715 2142 753 2205 de
777 2138 1024 2209 Boulainvilliem
1049 2140 1195 2227 aliosque,
1223 2142 1257 2207 in
1289 2146 1408 2234 antiqui

195 2302 208 2311 -
259 2254 364 2341 nostrl
377 2253 519 2361 Historia
532 2278 594 2319 non
607 2252 801 2319 mediocriter
812 2253 1003 2334 exercitatos,
1017 2278 1096 2336 eam,
1106 2278 1199 2341 quam
1212 2278 1313 2341 supra
1328 2282 1411 2343 posu

259 2364 338 2459 imus
363 2364 572 2430 conditionum
601 2363 804 2430 diversitatem
831 2366 968 2449 neglase,
1004 2360 1139 2452 duasqire
1168 2367 1296 2431 tanturn
1324 2370 1414 2433 finisse

260 2477 384 2556 classes,
398 2476 589 2542 nobilitatem
603 2489 635 2542 et
656 2475 842 2556 servitutem,
865 2475 1052 2561 pervicacius
1066 2477 1272 2543 adseverasse.
1321 2482 1414 2546 Alius?

259 2589 344 2654 certe
366 2591 477 2654 docent
501 2601 616 2653 veteres
643 2586 738 2652 nostri
767 2587 942 2672 scriptores.
985 2585 1074 2652 Idem
1101 2611 1226 2676 qnoque
1250 2593 1410 2657 manifesti

258 2701 418 2766 adstruunt
430 2714 546 2766 veteres
561 2681 795 2764 Germanorum
803 2696 895 2784 leges.

303 2811 357 2874 Sic
376 2811 408 2874 in
426 2809 493 2893 lege
507 2809 692 2895 Anglioruns
706 2823 738 2873 et
752 2807 957 2889 Werinorum,
970 2807 1036 2874 To.
1053 2831 1077 2875 1.
1100 2815 1121 2849 “
1136 2812 1175 2876 de
1190 2809 1414 2880 Homicidiisf‘

259 2919 337 3006 leg.
356 2910 384 2985 l.
407 2927 428 2959 “
443 2920 477 2985 Si
492 2921 560 3006 quis
571 2919 757 3004 Adalingum
773 2919 929 3000 occiderit,
943 2939 1001 2984 nc.
1013 2920 1068 2985 sol.
1084 2924 1290 3007 componat?
1340 2927 1409 3012 Ing

256 3041 290 3098 2.
312 3031 414 3105 “Qui
438 3030 569 3096 liberum
591 3031 748 3111 occiderit,
773 3051 827 3096 cc.
842 3030 898 3096 sol.
916 3031 1111 3117 componat.’'
1155 3031 1234 3118 Leg.
1253 3047 1290 3101 4.
1315 3045 1338 3076 “
1353 3039 1409 3110 an

254 3167 376 3210 servum
398 3143 554 3223 occiderit,
578 3165 672 3207 xxx.
687 3141 744 3206 sol.
766 3141 963 3227 componat.'’
1008 3144 1060 3208 Sic
1085 3167 1210 3230 quoque
1234 3145 1414 3218 Senonibus,

256 3257 342 3322 luere
357 3253 493 3340 Edlingi,
506 3253 632 3338 Frilingi
653 3267 684 3318 et
699 3251 798 3332 inssi,
813 3253 844 3318 id
859 3266 914 3335 est,
936 3253 1066 3334 nobiles,
1080 3253 1212 3339 ingenui,
1226 3271 1263 3322 et
1278 3261 1405 3324 serviles.

255 3383 290 3433 ut
312 3369 414 3432 videre
427 3381 475 3430 est
495 3368 578 3450 apud
595 3364 867 3450 Lindenbrogium,
891 3365 922 3430 in
939 3363 1112 3443 Glossario,
1127 3388 1160 3450 p.
1180 3373 1278 3439 1347.
1326 3368 1403 3434 Iden

254 3491 340 3566 patet
354 3501 390 3543 ex
404 3476 473 3562 lege
492 3476 677 3556 Frisiorum,
694 3475 760 3541 Tit.
777 3497 837 3540 xv.
853 3477 976 3541 Francis
998 3499 1123 3563 quoque
1142 3477 1226 3541 fuere
1251 3481 1403 3546 Antruss'e

252 3613 339 3670 ones,
360 3611 414 3652 seu
436 3587 565 3666 nobiles,
588 3585 727 3672 Ingenui,
743 3586 825 3667 Lidi,
840 3587 936 3652 Servi.
969 3585 1046 3652 Inde
1060 3587 1090 3651 in
1106 3585 1193 3672 Lege
1206 3587 1330 3670 Salios,
1346 3573 1414 3656 Tn

208 3675 214 3684 ⁶
253 3721 382 3766 nxxw.
394 3707 417 3739 “
425 3701 463 3763 de
478 3698 672 3787 Chreodiba:
686 3697 716 3763 id
732 3712 787 3778 est,
801 3700 840 3762 de
854 3698 1008 3763 cadaveris
1022 3698 1270 3763 combustione?
1286 3701 1367 3786 Leg.
1380 3715 1400 3766 l.

250 3811 325 3877 “Si
346 3811 413 3898 quis
433 3808 591 3875 hominem
612 3809 779 3896 ingenuum
801 3833 854 3875 seu
876 3810 908 3874 in
931 3808 1015 3893 sylvis
1037 3831 1090 3874 seu
1110 3809 1142 3873 in
1163 3809 1310 3896 quolibet
1337 3813 1400 3878 loco

249 3921 407 4004 occiderit,
420 3935 452 3986 et
466 3922 505 3986 ad
525 3919 687 3985 celandum
701 3921 733 3986 in
748 3917 817 4005 igne
830 3918 1045 3997 combusserit,
1063 3941 1183 3985 xxlrrr
1201 3941 1242 3984 rs.
1257 3925 1329 3988 den.
1354 3950 1396 4010 qn

247 4031 369 4098 iaciunt
382 4031 440 4098 sol.
458 4054 516 4098 nc.
534 4030 696 4116 culpabilia
704 4030 894 4120 judicetur.’'
937 4030 1015 4115 [cg.
1030 4039 1062 4096 2.
1084 4029 1156 4095 “Si
1176 4031 1244 4119 quis
1259 4037 1396 4100 annuci-

249 4167 341 4212 onem
352 4143 398 4209 rel
409 4142 567 4209 foeminam
580 4141 680 4207 taliter
693 4142 890 4223 interfecerit,
904 4157 958 4208 aut
970 4141 1126 4221 celaverit,
1137 4156 1190 4208 aut
1203 4143 1274 4228 igne
1285 4169 1395 4211 crema·

248 4255 338 4336 verit,
374 4253 923 4339 nx11u.(veririsnxx11s1.)den.
952 4254 1006 4341 qui
1032 4253 1149 4318 faciunt
1175 4253 1232 4319 sol.
1262 4277 1393 4322 ssnccc.

250 4365 410 4454 culpabilis
427 4363 614 4454 judicem?
655 4363 722 4433 'lit
739 4387 907 4434 xxxviii.
930 4371 951 4406 “
966 4366 1004 4432 de
1027 4363 1214 4434 Homicidiis
1229 4387 1391 4444 senorum,
