2859 4950
244 345 304 403 sto
641 330 979 395 SUPPLEMENTUM
1182 336 1263 393 nu.
1276 336 1307 395 C.
1319 344 1376 406 79³.

254 500 435 568 “nerent
486 487 524 565 Si
540 486 701 588 quivero
730 486 881 563 maxime
908 484 1168 587 displicuissent,
1193 488 1308 586 scripta
1328 516 1376 563 sua

253 616 277 655 “
300 607 446 707 spongiis
462 604 625 705 linguave
640 606 756 679 delere
768 608 987 706 juberentur,
1003 604 1066 677 nisi
1083 602 1199 677 ferulis
1211 606 1376 705 objurgati,

256 732 281 768 “
304 746 365 798 aut
381 723 523 797 flumine
539 722 726 819 proximo'
744 720 854 820 mergi
878 710 1076 794 maluissent
1088 722 1126 795 :”
1152 722 1245 821 gravi
1260 722 1378 819 quidem

151 879 158 899 .
252 842 373 942 poeni,
397 841 525 914 leviore
540 856 670 931 tamen,
696 840 804 939 quam
821 854 860 910 ut
876 837 1095 937 ingeniorum
1112 838 1281 912 audaciam
1302 862 1378 911 coer·

252 976 357 1035 cerel·

302 1170 361 1231 32.
388 1159 602 1231 Maurraus
619 1156 663 1228 ad
679 1154 792 1228 inania
816 1152 1002 1243 conversis,
1027 1155 1231 1252 probrosam
1253 1152 1380 1251 negotia-

249 1271 408 1364 tionem:
432 1274 493 1347 sed
510 1274 695 1361 lucrosam,
720 1262 873 1344 instituit.
924 1274 1001 1347 Nec
1019 1296 1100 1343 eum
1117 1269 1241 1368 puduit
1265 1271 1379 1341 danma-

249 1409 365 1465 tamm
385 1414 555 1463 sororum
583 1404 799 1477 ornamenta,
824 1387 1085 1485 supellectilem,
1110 1412 1240 1475 servos,
1264 1386 1380 1459 libertos

250 1509 416 1605 quoque¹
450 1506 615 1594 vendere,
656 1504 789 1578 cunctis
821 1504 871 1576 rei
904 1502 1067 1592 novitate,
1109 1502 1247 1576 emendi
1277 1500 1379 1601 glorii,

169 1640 172 1646 '
248 1625 380 1722 majore
397 1637 488 1693 emta
504 1620 695 1693 ostentandi
725 1618 884 1708 vanitate,
910 1618 1125 1693 licitantibus.
1177 1622 1290 1692 Lucro
1316 1614 1380 1689 invi

237 1754 352 1826 tatus,
377 1734 546 1834 quidquid
575 1734 793 1809 instrumenti
819 1734 942 1845 vetetis
970 1736 1059 1811 aulae
1086 1730 1213 1825 fuerat,
1237 1737 1278 1808 ab
1299 1734 1379 1807 Urbe

248 1853 389 1950 repetiit
412 1868 483 1923 tam
510 1851 710 1942 immodice,
736 1870 788 1942 ut,
813 1852 1045 1950 undequaque
1074 1850 1325 1951 comprehensis
1347 1848 1379 1919 ad

247 1968 502 2066 deportandum
534 1967 702 2041 vehiculis
730 1984 764 2041 et
786 1968 968 2068 jumentis,
994 1994 1086 2065 saepe
1112 1994 1250 2043 armona
1275 1968 1378 2038 Roma

245 2082 511 2182 ingravesceret,
528 2101 563 2157 et
574 2085 786 2184 litigatorum
802 2084 955 2183 plurimi,
967 2082 1067 2183 qubd
1083 2066 1268 2159 occurrere
1283 2084 1380 2157 absen-

246 2214 298 2273 tes
313 2202 357 2273 ad
373 2200 610 2275 vadimonium
624 2225 697 2276 non
713 2218 866 2299 possent,
891 2199 994 2275 causti
1011 2203 1208 2276 caderent*

295 2413 355 2474 33.
375 2404 642 2476 Vaumrrours
659 2398 836 2476 infamiam
853 2400 933 2475 vicit
944 2397 1113 2500 Principis
1129 2402 1291 2486 dedecus.
1314 2384 1395 2474 Noul

245 2519 387 2591 tantum
413 2519 520 2610 testis,
544 2519 606 2592 sed
630 2544 761 2619 praeco,
786 2536 825 2592 ut
852 2517 954 2594 cititis
981 2517 1168 2618 cariusque
1188 2519 1380 2622 distraheret,

86 2666 92 2680 ·
215 2671 219 2678 ¹
245 2632 383 2734 singula
399 2636 619 2727 venditabat;
646 2643 672 2679 “
689 2636 757 2711 hoc
774 2636 892 2735 pauis,
916 2637 984 2712 hoc
1001 2637 1132 2728 matris,
1158 2637 1227 2713 hoc
1244 2633 1308 2722 avi,
1330 2633 1380 2704 hoc

248 2753 271 2786 “
295 2750 415 2846 proavi
432 2776 528 2824 esse:
555 2751 623 2825 hoc
640 2777 687 2826 ex
702 2754 859 2852 AEgypto
875 2752 1085 2843 Antonium,
1110 2753 1180 2827 hoc
1197 2779 1243 2826 ex
1259 2742 1380 2824 Actiaci

242 2865 267 2902 “
290 2863 433 2938 victorii
450 2871 652 2966 Augustum
676 2867 896 2966 reportas&
924 2869 1126 2944 clamitans.⁵
1162 2867 1278 2944 Modo
1304 2871 1379 2942 leno

201 3012 204 3016 ¹
242 2977 337 3054 ciniis
370 2999 556 3079 grassatus,
590 2983 698 3057 laetan'
728 2993 753 3028 “
770 3003 841 3058 tam
870 2985 1009 3086 egregia
1037 2986 1265 3077 monimenta,
1298 2981 1393 3064 tantis,

243 3095 523 3172 “nobilitatibus
564 3098 720 3191 illustria,
767 3103 811 3174 ad
855 3103 991 3192 Gallos,
1033 3104 1141 3177 fidam
1182 3103 1393 3198 amicamque*

243 3218 266 3251 “
289 3231 444 3312 gentem,
461 3215 660 3290 devenire.''
711 3219 827 3293 Modo
844 3219 1081 3316 poenitentiam
1098 3220 1277 3312 simulans,
1301 3217 1376 3295 dole·

241 3353 281 3402 re
310 3337 336 3372 “
353 3331 452 3426 quod
478 3331 724 3432 Principalium
748 3361 869 3410 rerum
897 3337 1035 3436 privatis
1064 3337 1201 3435 copiam
1234 3328 1378 3410 faceret·”

275 3591 285 3618 ¹
316 3593 441 3652 Flumine
462 3598 600 3670 proximo.
641 3589 793 3673 Rhodano,
847 3601 980 3668 Dionem,
1003 3622 1070 3660 arx.
1088 3625 1116 3681 p.
1129 3599 1201 3662 656.

234 3672 281 3729 the
306 3673 413 3765 Rhome,
437 3673 481 3732 vul
508 3681 603 3753 Arati,
624 3681 671 3738 tlte
693 3680 794 3740 Soane.
889 3681 901 3714 ³
934 3683 1061 3744 Libertus
1096 3704 1212 3761 quoque.
1254 3683 1381 3760 perperau-

233 3755 296 3844 Ara
307 3773 383 3812 cmm
396 3759 532 3832 Augusti,
552 3761 638 3826 ludit.
658 3763 794 3836 nummis,
844 3764 873 3820 in
886 3765 970 3822 editis
984 3763 1112 3822 Suetonii
1125 3764 1326 3822 librisliberos.
1355 3759 1381 3816 E·

231 3836 420 3925 scriptoribus
431 3838 625 3913 celeberrima,
635 3843 674 3902 ibi
688 3843 791 3918 posita,
844 3847 1036 3903 mandandum
1050 3848 1165 3904 libertos
1187 3846 1380 3920 conjectabant:

232 3916 284 3971 ubr
310 3917 387 4006 ..brar
413 3917 553 3978 Rhodano
580 3923 791 3984 commiscetur.
842 3928 982 4001 persuasit
1008 3927 1126 4004 antiqua
1147 3926 1236 3985 editio
1257 3945 1338 3982 manu
1356 3918 1381 3976 ll·

231 3993 458 4054 Fonmdolosum
482 4001 544 4076 ejus
566 4015 709 4062 certamen
733 4023 791 4062 me·
842 4008 923 4064 lustr.
966 4007 1106 4066 Pellicerii
1131 4009 1168 4064 ad
1192 4007 1276 4065 fidem
1301 4001 1380 4062 vetent

229 4086 323 4133 motat
336 4075 353 4134 J
359 4097 405 4134 uv.
417 4095 439 4136 1.
451 4085 502 4137 43.
842 4099 870 4146 et
883 4089 983 4166 optimi
998 4089 1106 4157 codicis
1120 4089 1268 4168 castigata.

230 4224 357 4266 Paruum
366 4227 436 4267 nudie
441 4231 569 4279 pressitque·
578 4227 676 4270 calcibus
684 4241 789 4286 anguem,
862 4251 867 4260 .
882 4169 896 4202 4
916 4167 1009 4228 causa
1031 4167 1172 4230 caderent·
1214 4172 1327 4228 sueton·
1338 4162 1379 4217 1⁰5¹

228 4283 277 4328 lut
288 4285 458 4334 Lugdunensem
470 4279 549 4328 rhetor
557 4289 788 4336 dicturusodaram.
841 4259 892 4310 cn·
997 4329 1003 4341 ‚
1313 4327 1319 4339 ,

199 4337 206 4351 “
880 4327 1076 4390 ’(,ἼαηιιίαηεΙ
1118 4331 1191 4389 llaec
1206 4331 1350 4390 Suetonius
1361 4331 1379 4374 tl

263 4392 283 4424 '²
302 4399 473 4460 Probrocum
486 4404 713 4482 negotiationem.
742 4407 788 4466 De
840 4409 908 4483 Dio,
923 4410 979 4470 loc.
994 4413 1044 4470 cit.

227 4475 533 4555 quividoSuotonium
541 4485 787 4559 iuCaio,xxx1x.
