2859 4950
223 322 287 377 344
640 312 981 375 SUPPLEMENTUM
1150 314 1187 371 t.
1200 312 1237 372 U.
1251 312 1283 371 C.
1301 316 1358 383 794.

282 483 342 545 80.
366 472 509 545 Panur
538 467 644 544 Caius
665 493 762 543 nono
778 484 812 543 et
829 466 996 567 vigesimo
1021 464 1129 541 aetatis
1145 492 1250 540 anno:
1275 492 1363 565 prope

229 588 479 687 quadriennio¹
509 586 747 683 imperaverat.
816 589 1006 659 Parentes*
1045 610 1127 657 eum
1155 586 1198 655 ad
1225 584 1363 656 virtutem

230 704 423 795 finxissent,
459 704 523 777 nisi
555 704 772 801 imperiosior
805 720 927 775 natura
962 702 1006 773 ad
1035 701 1197 773 vitiorum
1230 718 1364 796 portenta

230 822 439 919 projecisset.
491 820 665 893 Eminenti
682 818 748 892 fuit
764 818 918 893 staturi.3
964 820 1089 891 Cetera
1105 816 1139 887 in
1157 840 1199 887 eo
1215 816 1364 905 immania,

231 938 345 1034 pallor
373 936 506 1026 vulttis,
534 936 665 1008 anilitas
691 934 845 1024 frontis,⁴
869 958 1105 1007 concavorum
1135 932 1364 1030 rigentiumque

231 1052 440 1125 oculorum⁵
465 1052 618 1140 torvitas,
647 1050 847 1123 deformitas
877 1050 994 1147 capitis
1020 1048 1240 1123 emendicatis
1260 1046 1365 1144 capillis

232 1168 372 1266 aspersi,
402 1171 541 1242 obsessa
568 1168 649 1241 setis
675 1167 808 1257 cervix,
837 1192 983 1240 crurum
1015 1166 1162 1255 exilitas,
1208 1163 1365 1236 enormitas

232 1285 376 1381 pedum.
407 1286 575 1357 'Vultum
601 1284 725 1359 saturi
749 1284 932 1357 horridum
948 1309 989 1358 ac
1015 1300 1144 1357 tetrum
1168 1282 1321 1356 efferabat
1334 1304 1366 1350 ex

233 1399 418 1489 industrii,
447 1418 551 1499 atque
583 1403 628 1473 ad
661 1402 843 1498 speculum
869 1401 906 1474 in
947 1416 1117 1473 terrorem
1151 1398 1367 1496 componebat.

233 1516 400 1589 Atrocior
415 1534 532 1590 autem
548 1536 621 1590 erat
635 1518 784 1606 animem,
798 1540 896 1588 mens
912 1514 1042 1605 insana,
1055 1516 1236 1613 ingenium
1248 1510 1365 1596 mobile,

235 1648 273 1705 et
287 1632 541 1707 incredibilium
568 1647 689 1706 terum
718 1632 869 1705 avidum.
920 1632 1012 1705 Puer
1021 1631 1150 1720 adhuc,
1170 1624 1369 1725 constupratis

235 1748 426 1837 sororibus,
449 1748 631 1822 bbidinum
654 1750 851 1823 rudimenta
878 1749 914 1822 in
942 1750 1049 1821 domo
1066 1741 1255 1821 Antoniae⁶
1278 1767 1368 1816 occoe·

234 1862 326 1961 pisse
350 1862 489 1937 fertur.⁷
533 1866 690 1954 iuvenis,
719 1866 936 1963 voluptatum
964 1884 1131 1955 monstra,
1161 1860 1368 1960 suspicionum

142 1998 172 2062 .'
234 2003 373 2068 amna
405 1981 707 2080 sanguinariasque
736 1983 830 2080 leges
861 1982 1003 2079 Capreis
1032 1977 1178 2055 didicit.8
1229 1978 1369 2071 Princeps

238 2094 453 2189 liberalitate,
480 2097 660 2197 hilaritate,
685 2096 927 2203 popularitate,
943 2098 1085 2199 aliisque
1102 2098 1273 2173 virtutum
1286 2090 1371 2169 inita·

282 2393 294 2425 ⁸
330 2396 424 2476 Prope
456 2399 651 2474 quadriennio.
697 2400 794 2461 Tacit.
848 2402 906 2469 tat,
924 2390 1374 2469 coritameliosnrmirabilitersere·

241 2478 359 2556 Dialog.
374 2481 410 2538 do
424 2479 507 2538 Orat.
529 2484 745 2541 xv11.Sueton.
764 2485 793 2541 iu
847 2485 931 2541 batur
951 2481 1071 2539 munibus
1088 2477 1186 2555 aliqud
1208 2474 1374 2554 nottiseritn·

240 2561 325 2630 Caio,
338 2579 405 2619 ux.
442 2559 522 2618 Vicit
535 2563 617 2620 annis
628 2564 733 2642 viginti
746 2584 795 2620 not·
847 2564 900 2634 dis,
913 2563 972 2640 ipse
981 2561 1099 2618 matema
1110 2557 1187 2620 iistis
1195 2553 1375 2636 bertignissint·

239 2660 311 2711 non,
324 2641 473 2717 imperarit
493 2642 629 2706 triennio,
652 2655 682 2702 et
702 2646 795 2702 decem
850 2645 943 2703 Tanta
954 2643 998 2700 illi
1004 2642 1133 2718 palloris,
1144 2641 1279 2700 insoniam
1292 2643 1375 2694 testan-

239 2722 385 2789 ntensidus,
411 2720 560 2798 diebusque
583 2733 655 2782 octo.
705 2724 794 2782 Plura
848 2725 894 2793 tis,
905 2723 1027 2803 feditas
1054 2732 1126 2790 erat,
1149 2730 1232 2779 tanta
1257 2719 1375 2779 oculorum

239 2802 307 2860 vide
319 2803 347 2858 iu
361 2803 450 2861 Stem.
464 2803 538 2860 Caes.
550 2822 579 2862 u.
594 2800 643 2862 86.
846 2806 1002 2884 subfronte
1016 2804 1087 2860 anili
1106 2803 1254 2860 latentium
1267 2798 1376 2859 torrites,

281 2879 295 2905 ²
315 2883 465 2940 Parentes.
495 2883 580 2940 Pater
590 2885 792 2958 Germanicus,
847 2895 929 2944 tanta
949 2884 1050 2962 sopitis
1073 2883 1213 2954 destituti,
1232 2890 1259 2938 et
1280 2875 1360 2937 entend

240 2963 404 3038 Agrippina
414 2973 513 3032 suntor,
526 2965 591 3022 avia
602 2970 740 3025 Antonia.
848 2968 920 3025 eatis
949 2965 1058 3042 capillis
1085 2964 1192 3040 aspersi
1225 2957 1375 3040 defomiitat.

282 3037 294 3074 ³
306 3043 524 3121 Eminentisnit
533 3045 659 3104 statari.
673 3051 792 3112 Sueton.
849 3047 952 3122 Adjice
964 3048 1099 3104 obsessam
1112 3045 1181 3102 setis
1203 3044 1337 3108 cornicen,
1357 3041 1376 3091 tl

241 3123 272 3182 in
286 3124 369 3193 Caio,
382 3142 411 3182 s.
445 3123 569 3184 Statarii
571 3127 640 3204 fuit
652 3128 792 3197 eminenti,
847 3129 999 3186 exilitatem
1014 3147 1137 3196 crurnrn,
1158 3133 1187 3182 et
1206 3122 1376 3182 enormitatem

240 3205 381 3280 expallido
405 3205 508 3274 colore,
536 3227 651 3282 corpore
678 3210 791 3273 enormi,
844 3211 954 3285 pedum.

237 3283 406 3363 gracilitate
424 3288 543 3345 manera
553 3289 671 3346 cerritis
689 3298 717 3347 et
730 3310 794 3346 ern-
889 3285 899 3320 ⁵
923 3288 1139 3365 Rigrntitnnque
1153 3286 1302 3344 oculorum.
1321 3275 1376 3362 Plin

240 3387 313 3435 rnen,
334 3367 458 3424 etoeelis
472 3377 500 3424 et
515 3369 682 3444 temporibus
696 3389 794 3428 carica·
850 3387 896 3427 x1.
924 3375 973 3433 37.
998 3367 1067 3426 sect'.
1093 3373 1141 3426 54.
1176 3363 1246 3423 Caio
1271 3357 1376 3432 Princip

241 3446 294 3510 nis,
307 3446 414 3525 fiuntc
438 3447 499 3506 latei
522 3458 550 3506 et
577 3449 670 3516 torsi,
691 3451 793 3527 capillo
848 3451 972 3527 rigentes
984 3449 1074 3508 oculi.

240 3545 321 3593 roro,
361 3547 394 3585 ac
428 3526 505 3586 circo
536 3529 668 3590 ner-tieem
705 3533 793 3600 nullo,
890 3524 1065 3588 ⁶Antonioe.
1107 3529 1171 3587 Caii
1201 3526 1282 3584 asia.
1319 3516 1376 3576 l'idt

241 3607 369 3666 hirsutas
382 3616 486 3666 cetera.
520 3609 616 3675 Qunre
630 3619 793 3670 transeunte
849 3611 936 3670 Stem.
952 3613 1024 3668 Caes.
1037 3629 1064 3666 n.
1078 3615 1128 3669 42.

241 3707 284 3758 eo,
303 3688 463 3764 prospicere
484 3709 517 3745 ea·
536 3690 679 3766 superiore
698 3701 793 3768 parte,
890 3689 901 3728 ⁷
924 3691 1075 3766 Occapisse
1083 3693 1198 3769 sertor.
1240 3677 1376 3746 Suetonio

152 3777 156 3786 “
241 3779 294 3826 aut
317 3768 426 3825 ormino
454 3768 623 3847 penarumque
647 3773 681 3829 de
708 3772 793 3830 cattsd
849 3771 930 3840 Caio,
944 3791 1037 3828 xxiv.

242 3870 356 3924 capram
382 3851 534 3921 nominare,
565 3853 740 3911 criminosum
766 3863 794 3910 et
889 3847 900 3880 ⁸
923 3853 1046 3911 Didicit.
1069 3849 1203 3926 Principe
1215 3869 1249 3908 ac
1264 3845 1374 3920 ittnglffli

241 3929 355 3986 exitiale
377 3929 538 3988 habebatur.
591 3931 705 3990 Vultum
728 3934 794 3991 τετὸ
848 3932 974 4005 Tiberio,
994 3934 1045 4010 qui
1066 3933 1264 3991 (atinensem
1283 3929 1374 3999 itaptt·

216 4009 348 4066 'naturai
372 4009 513 4068 horridum
536 4031 570 4070 ac
586 4022 690 4070 tetrum
711 4016 794 4072 etiam
849 4015 964 4088 spexit„
985 4023 1017 4071 at
1043 4015 1190 4090 aliquoties
1222 4007 1374 4088 predicaret,

243 4109 279 4146 er
298 4089 440 4147 industrii
464 4096 607 4166 epj'erntuit,
632 4114 795 4165 componens
850 4095 992 4152 exitiosus
1002 4095 1173 4170 omniumque
1182 4093 1277 4151 Caium
1287 4090 1373 4146 risere:

243 4171 282 4228 ad
294 4173 432 4246 speculum
447 4172 476 4229 in
495 4196 597 4232 sertitem
611 4185 747 4232 terrorem
762 4196 795 4234 uc
850 4183 877 4232 et
888 4197 917 4232 sc
929 4177 1064 4232 natricem
1082 4174 1237 4250 (serpentis
1248 4171 1277 4228 id
1286 4161 1374 4245 genet),

231 4251 431 4330 forrnitlinern.
848 4257 949 4332 populo
966 4257 1099 4323 Romano,
1116 4255 1311 4312 Phaethontem
1330 4241 1373 4298 orit

283 4329 300 4364 ⁴
320 4332 445 4389 Aniiitns
456 4331 579 4410 „frontis
621 4335 740 4406 Seneca,
762 4335 796 4391 ele
850 4346 990 4395 terrarum
1005 4339 1259 4404 educarebueton.
1272 4333 1297 4388 in
1311 4324 1374 4386 taio.

243 4421 385 4471 constent.
406 4413 474 4491 Sap.
500 4433 597 4472 xviii.
641 4417 673 4472 C.
701 4417 795 4474 Cresnr
851 4437 897 4474 xi.
914 4409 1374 4495 trettapreismunccapri,dictun

241 4492 320 4551 inter
338 4503 431 4552 cetera
454 4495 535 4569 sitia,
557 4496 654 4574 quibas
673 4499 796 4557 wando·
848 4517 937 4578 supra
950 4497 1055 4560 annal.
1067 4517 1113 4560 iv.
1128 4494 1177 4566 67·
