2859 4950
108 250 113 259 ’
221 295 283 352 452
485 332 489 339 .
625 286 964 351 summissurus
1170 290 1363 365 nunus.

279 452 340 523 39.
365 444 506 519 utnon
516 441 732 543 fuitpompa,
744 461 778 519 at
788 468 925 545 semper
936 441 1123 535 tlteatialis,
1134 442 1221 520 calm
1234 446 1363 525 Roman

229 580 375 639 venmm
401 577 466 651 est,
490 560 632 659 diesque
660 556 783 651 adfuit,
817 578 961 661 propter
989 561 1149 647 nubilum
1176 562 1363 661 aliquamdiu

229 679 346 767 dilata,
370 676 441 775 quai
462 674 645 767 Tiridates,
669 676 848 751 Armeniae
874 702 1023 777 regnum
1050 677 1233 775 petitunrs,
1256 680 1364 777 populo

231 796 396 884 Romano
428 793 692 867 ostenderetur.¹
742 792 858 867 Pridie
887 794 985 867 Urbs
1017 809 1102 885 tota,
1137 794 1239 869 sertis
1269 793 1365 886 nitida,

198 991 200 995 ,
231 910 419 985 luminibus
441 908 613 984 collucere
626 912 662 982 :²
685 906 737 983 vis
765 908 888 1009 ingens
915 908 1098 983 hominum
1124 908 1259 985 viarum
1284 928 1366 985 strata

233 1028 431 1125 complere:
458 1025 514 1098 alii
541 1023 683 1125 plurimi
710 1025 898 1099 domorum
914 1041 1004 1099 tecta
1020 1050 1215 1123 occupare:
1241 1027 1367 1126 populus

233 1142 313 1219 'alm
338 1159 446 1232 veste,
471 1157 506 1215 et
532 1141 716 1230 laureatus,
742 1138 896 1215 medium
925 1141 1081 1215 obtinere
1108 1138 1253 1215 forum:
1278 1160 1368 1217 ceteri

232 1277 351 1335 tenere
392 1257 529 1346 milites,
575 1255 711 1360 comtis.
739 1254 845 1355 signis
885 1254 1058 1353 armisque
1104 1252 1368 1357 praefulgeuttltus

235 1372 428 1473 conspicui.
477 1371 597 1449 Prima
613 1371 712 1458 luce¹
729 1374 842 1463 Nero,
857 1370 1099 1471 triumphantis
1115 1372 1251 1467 habitu,
1275 1370 1368 1449 foruu

233 1490 321 1581 iniit,
362 1488 603 1565 comitantibus
630 1486 844 1562 senatoribus
872 1505 907 1561 et
939 1488 1151 1586 praetotiauis
1179 1490 1369 1565 cohortibus

232 1604 425 1705 Postquam
456 1605 550 1703 apud
578 1602 689 1677 rostra
717 1602 866 1678 tribunat
894 1604 1107 1697 conscendit,
1142 1607 1321 1706 cumulique
1345 1606 1369 1679 in

234 1722 322 1799 sella
336 1722 426 1797 inter
440 1722 540 1821 signa
564 1718 721 1793 militaria
747 1736 851 1819 atque
876 1719 1028 1795 vexilla⁴
1047 1721 1188 1822 resedit,
1212 1721 1370 1809 Tiridates,

236 1863 432 1939 regumque
447 1836 522 1928 filii,
546 1861 586 1911 ac
604 1836 751 1936 longum
766 1834 988 1928 famulitium,
1012 1862 1077 1937 per
1091 1837 1244 1915 militum
1259 1838 1371 1914 ordines

234 1956 280 2029 ad
295 1953 445 2028 mltunal
461 1952 648 2055 progressi,
671 1949 868 2051 Principem
883 1955 1035 2028 venerati
1049 1970 1141 2029 sunt.

285 2196 346 2260 to.
374 2186 548 2261 minos
565 2184 712 2284 populi,5
736 2188 783 2261 ob
799 2150 849 2260 rei
864 2185 1052 2300 novitatem
1066 2185 1262 2286 veterisque
1285 2184 1371 2261 fortu·

206 2402 209 2414 Ι
237 2326 295 2379 nae
321 2300 508 2401 imaginem
532 2302 718 2403 gestientis,
752 2302 866 2377 statim
890 2319 1070 2402 sequutus,
1094 2320 1230 2377 metum
1254 2302 1372 2377 Tiridati

204 2419 207 2427 ’
235 2415 387 2494 incussit.
436 2415 586 2492 Periculi
613 2442 753 2517 anceps,
777 2418 951 2522 obriguit:
987 2442 1067 2511 nec,
1090 2418 1222 2495 indicto
1250 2418 1372 2505 silentio,

236 2534 338 2610 rediit
353 2531 449 2632 prior
464 2535 663 2609 constantia.
713 2535 819 2611 Forti
837 2537 939 2612 etiam
954 2536 1138 2627 Tiridates,
1149 2535 1373 2620 adulationem

237 2676 319 2750 quae
342 2647 497 2748 pericula
518 2667 699 2743 averteret,
736 2675 887 2753 regnum
910 2653 1096 2742 adsereret,
1136 2651 1233 2726 haud
1255 2649 1373 2736 veritus,

237 2774 265 2811 “
289 2791 328 2839 se
349 2765 596 2838 Arsacidarum
621 2750 788 2867 sanguine
810 2767 954 2842 ortum”
970 2765 1146 2866 professus
1161 2783 1228 2858 est,
1253 2763 1372 2838 “Volo

237 2887 265 2925 “
290 2879 364 2980 gesi
380 2893 415 2954 et
425 2879 548 2953 Pacori
564 2904 689 2981 regum
706 2879 865 2975 fratrem,
889 2905 1030 2957 servum
1045 2881 1211 2972 Nemrtis,
1235 2905 1332 2981 quem
1346 2893 1373 2949 ut

163 3021 169 3032 ’
232 3003 266 3090 ,“
289 2997 410 3072 Deum
425 2993 541 3094 aequd,
565 3021 605 3072 ac
621 2995 819 3092 Mithram‚⁶
841 3000 1091 3076 venerabatur:
1117 2998 1182 3074 sibi
1198 2999 1304 3088 nulla,
1324 2992 1371 3070 nis'

282 3319 519 3382 'Ostenderctrm
540 3321 659 3381 Sueton.
673 3322 703 3380 in
719 3323 790 3381 Ner.
885 3315 1032 3383 'Clamor
1061 3321 1168 3401 populi.
1202 3322 1277 3400 Dio,
1308 3317 1367 3376 libr·

241 3420 317 3460 xrrr.
359 3402 793 3481 Annenioeregemmuguispol·
846 3407 1188 3482 nx111.p.717et718.
1347 3473 1351 3483 1

242 3482 445 3542 licitationibus
456 3483 638 3554 solicitatum,
657 3484 720 3542 eim
733 3485 792 3542 des·
884 3477 964 3544 ‘Ac
979 3483 1131 3542 Mithram.
1174 3482 1242 3552 Dio,
1262 3480 1313 3538 loc.
1331 3481 1367 3532 cll

243 3565 335 3622 tinulo
353 3582 406 3640 per
428 3563 547 3622 edictum
567 3566 612 3622 die
631 3574 792 3624 ostensurus
846 3567 894 3630 rt,
905 3559 931 3622 li
943 3559 1018 3626 list.
1030 3565 1081 3638 sisu
1095 3563 1141 3620 nai
1156 3557 1235 3630 sitiit
1245 3582 1271 3619 τι
1282 3559 1368 3688 πςὶςωῆ

106 3698 108 3705 ,
239 3643 345 3722 populo
361 3646 481 3720 propter
491 3645 615 3704 nubilum
627 3645 793 3719 distulisset,
845 3647 887 3702 sis
903 3643 957 3720 ipis
975 3643 1042 3708 sur,
1065 3643 1237 3723 minutim
1248 3662 1282 3706 ot,
1301 3659 1326 3700 σε

241 3724 394 3802 prouisis
410 3744 464 3800 quo
489 3725 721 3801 opportunissime
741 3747 794 3804 po·
833 3726 887 3780 ’τὸν
899 3723 1013 3804 Μῶςιν.
1055 3725 1161 3796 Solem,
1175 3712 1367 3782 Mitlraenoni·

246 3804 314 3863 tuit.
341 3861 348 3870 ,
848 3824 892 3876 ne,
921 3806 1130 3866 venerabantur
1158 3805 1257 3872 Persa,
1283 3797 1367 3870 aliique

285 3879 299 3908 ²
320 3883 482 3944 Lumim'lm
495 3887 642 3946 collucere.
683 3888 796 3946 Haeeet
848 3884 965 3962 plurimi
999 3885 1124 3942 Orientis
1156 3885 1265 3963 populi.
1312 3873 1365 3932 l'ile

245 3985 304 4076 serp.
328 3965 397 4035 Dio,
410 3967 467 4026 loc.
481 3966 531 4025 cit.
849 3966 1073 4024 eruditissimum
1088 3965 1183 4044 llyde,
1205 3960 1325 4024 Historia
1335 3971 1365 4012 rt

321 4045 419 4104 Primo
444 4047 515 4106 tuce.
557 4047 625 4119 uio,
660 4045 717 4105 tos.
744 4047 794 4107 cn.
847 4045 962 4123 agust.
974 4055 1099 4104 veteram
1113 4047 1270 4115 serim,
1286 4061 1311 4118 p.
1324 4025 1364 4094 10⁶

236 4117 366 4206 ’Ἀμαηῖ
376 4123 462 4207 palpa.
847 4139 944 4202 etseq.
987 4127 1059 4202 lijus
1083 4127 1181 4186 cultus
1198 4126 1272 4204 apud
1286 4124 1362 4180 nom·

286 4205 301 4238 ⁴
322 4209 417 4286 Atque
443 4207 555 4268 vexilla.
596 4207 717 4266 Sueton.
738 4207 796 4266 loc.
848 4225 897 4264 nos
910 4208 1042 4276 invaluit,
1057 4207 1132 4266 unde
1145 4219 1187 4266 tot
1201 4205 1361 4267 monument&

246 4296 297 4349 cll·
849 4287 998 4348 D.SOh
1026 4283 1204 4348 lNVlCT.
1228 4273 1359 4348 ΜΙΤΗΡΜ

255 4495 265 4538 l
