<?xml version="1.0" encoding="UTF-8"?>
<!DOCTYPE html PUBLIC "-//W3C//DTD XHTML 1.0 Transitional//EN"
    "http://www.w3.org/TR/xhtml1/DTD/xhtml1-transitional.dtd">
<html xmlns="http://www.w3.org/1999/xhtml" xml:lang="en" lang="en">
 <head>
  <title>
</title>
<meta http-equiv="Content-Type" content="text/html;charset=utf-8" />
  <meta name='ocr-system' content='tesseract 3.04.00' />
  <meta name='ocr-capabilities' content='ocr_page ocr_carea ocr_par ocr_line ocrx_word'/>
</head>
<body>
  <div class='ocr_page' id='page_1' title='image "./ccorntacitioper01valpgoog_0146.png"; bbox 0 0 2859 4950; ppageno 0'>
   <div class='ocr_carea' id='block_1_1' title="bbox 284 290 1057 369">
    <p class='ocr_par' dir='ltr' id='par_1_1' title="bbox 284 290 1057 369">
     <span class='ocr_line' id='line_1_1' title="bbox 284 290 1057 369; baseline -0.005 -12"><span class='ocrx_word' id='word_1_1' title='bbox 284 302 341 357; x_wconf 71' lang='grc' dir='ltr'><strong>ιιι</strong></span> <span class='ocrx_word' id='word_1_2' title='bbox 550 351 553 359; x_wconf 92' lang='grc'>,</span> <span class='ocrx_word' id='word_1_3' title='bbox 646 294 681 355; x_wconf 93' lang='lat' dir='ltr'><strong>c.</strong></span> <span class='ocrx_word' id='word_1_4' title='bbox 699 292 898 369; x_wconf 79' lang='lat' dir='ltr'><strong>conumu</strong></span> <span class='ocrx_word' id='word_1_5' title='bbox 918 290 1057 353; x_wconf 75' lang='lat' dir='ltr'><strong>mern</strong></span> 
     </span>
    </p>
   </div>
   <div class='ocr_carea' id='block_1_2' title="bbox 279 424 1388 781">
    <p class='ocr_par' dir='ltr' id='par_1_2' title="bbox 279 424 1388 781">
     <span class='ocr_line' id='line_1_2' title="bbox 280 424 1386 551; baseline -0.005 -25"><span class='ocrx_word' id='word_1_6' title='bbox 280 446 545 549; x_wconf 83' lang='lat' dir='ltr'><strong>conjunctissimi</strong></span> <span class='ocrx_word' id='word_1_7' title='bbox 571 424 737 551; x_wconf 84' lang='lat' dir='ltr'><strong>cujusque</strong></span> <span class='ocrx_word' id='word_1_8' title='bbox 763 446 879 545; x_wconf 74' lang='lat' dir='ltr'><strong>pieton</strong></span> <span class='ocrx_word' id='word_1_9' title='bbox 930 448 970 520; x_wconf 90' lang='lat' dir='ltr'><strong>Id</strong></span> <span class='ocrx_word' id='word_1_10' title='bbox 995 444 1075 521; x_wconf 81' lang='lat' dir='ltr'><strong>tiliae</strong></span> <span class='ocrx_word' id='word_1_11' title='bbox 1094 469 1232 545; x_wconf 88' lang='lat' dir='ltr'><strong>quoque</strong></span> <span class='ocrx_word' id='word_1_12' title='bbox 1249 442 1386 545; x_wconf 81' lang='lat' dir='ltr'>uxorique</span> 
     </span>
     <span class='ocr_line' id='line_1_3' title="bbox 280 560 1388 667; baseline -0.007 -26"><span class='ocrx_word' id='word_1_13' title='bbox 280 565 517 667; x_wconf 84' lang='lat' dir='ltr'><strong>praeceperim,</strong></span> <span class='ocrx_word' id='word_1_14' title='bbox 542 563 590 640; x_wconf 83' lang='lat' dir='ltr'><strong>sic</strong></span> <span class='ocrx_word' id='word_1_15' title='bbox 618 564 737 665; x_wconf 83' lang='lat' dir='ltr'><strong>patris,</strong></span> <span class='ocrx_word' id='word_1_16' title='bbox 758 564 808 641; x_wconf 83' lang='lat' dir='ltr'><strong>aie</strong></span> <span class='ocrx_word' id='word_1_17' title='bbox 828 560 939 640; x_wconf 82' lang='lat' dir='ltr'><strong>mariti</strong></span> <span class='ocrx_word' id='word_1_18' title='bbox 965 562 1168 639; x_wconf 86' lang='lat' dir='ltr'>memoriam</span> <span class='ocrx_word' id='word_1_19' title='bbox 1193 560 1342 649; x_wconf 80' lang='lat' dir='ltr'><strong>venerari,</strong></span> <span class='ocrx_word' id='word_1_20' title='bbox 1361 580 1388 633; x_wconf 86' lang='lat' dir='ltr'><strong>ut</strong></span> 
     </span>
     <span class='ocr_line' id='line_1_4' title="bbox 279 672 1387 781; baseline -0.006 -25"><span class='ocrx_word' id='word_1_21' title='bbox 279 682 396 757; x_wconf 86' lang='lat' dir='ltr'><strong>omnia</strong></span> <span class='ocrx_word' id='word_1_22' title='bbox 411 680 500 757; x_wconf 80' lang='lat' dir='ltr'><strong>facta</strong></span> <span class='ocrx_word' id='word_1_23' title='bbox 518 682 676 781; x_wconf 83' lang='lat' dir='ltr'><strong>dictaque</strong></span> <span class='ocrx_word' id='word_1_24' title='bbox 692 683 767 781; x_wconf 79' lang='lat' dir='ltr'><strong>ejus</strong></span> <span class='ocrx_word' id='word_1_25' title='bbox 789 704 909 755; x_wconf 83' lang='lat' dir='ltr'><strong>secum</strong></span> <span class='ocrx_word' id='word_1_26' title='bbox 932 678 1122 769; x_wconf 82' lang='lat' dir='ltr'><strong>revolvant,</strong></span> <span class='ocrx_word' id='word_1_27' title='bbox 1146 672 1346 775; x_wconf 69' lang='lat' dir='ltr'><strong>sacramque&#39;</strong></span> <span class='ocrx_word' id='word_1_28' title='bbox 1360 700 1387 750; x_wconf 84' lang='lat' dir='ltr'><strong>rc</strong></span> 
     </span>
    </p>
   </div>
   <div class='ocr_carea' id='block_1_3' title="bbox 161 792 1389 896">
    <p class='ocr_par' dir='ltr' id='par_1_3' title="bbox 161 792 1389 896">
     <span class='ocr_line' id='line_1_5' title="bbox 161 792 1389 896; baseline -0.006 -24"><span class='ocrx_word' id='word_1_29' title='bbox 161 835 164 843; x_wconf 96' lang='lat'>·</span> <span class='ocrx_word' id='word_1_30' title='bbox 280 799 430 896; x_wconf 81' lang='lat' dir='ltr'><strong>figuram</strong></span> <span class='ocrx_word' id='word_1_31' title='bbox 450 796 553 869; x_wconf 82' lang='lat' dir='ltr'><strong>animi</strong></span> <span class='ocrx_word' id='word_1_32' title='bbox 578 797 696 896; x_wconf 85' lang='lat' dir='ltr'><strong>magis,</strong></span> <span class='ocrx_word' id='word_1_33' title='bbox 727 793 835 895; x_wconf 69' lang='lat' dir='ltr'><strong>quarn</strong></span> <span class='ocrx_word' id='word_1_34' title='bbox 851 792 1018 893; x_wconf 84' lang='lat' dir='ltr'><strong>corporis,</strong></span> <span class='ocrx_word' id='word_1_35' title='bbox 1034 792 1317 892; x_wconf 81' lang='lat' dir='ltr'><strong>complectantur:</strong></span> <span class='ocrx_word' id='word_1_36' title='bbox 1338 816 1389 865; x_wconf 91' lang='lat' dir='ltr'><strong>non</strong></span> 
     </span>
    </p>
   </div>
   <div class='ocr_carea' id='block_1_4' title="bbox 210 909 1399 2030">
    <p class='ocr_par' dir='ltr' id='par_1_4' title="bbox 210 909 1392 1941">
     <span class='ocr_line' id='line_1_6' title="bbox 279 909 1390 1012; baseline -0.006 -27"><span class='ocrx_word' id='word_1_37' title='bbox 279 912 361 1012; x_wconf 87' lang='lat' dir='ltr'><strong>qnia</strong></span> <span class='ocrx_word' id='word_1_38' title='bbox 382 912 665 987; x_wconf 87' lang='lat' dir='ltr'><strong>intercedendum</strong></span> <span class='ocrx_word' id='word_1_39' title='bbox 689 928 810 1008; x_wconf 88' lang='lat' dir='ltr'><strong>putem</strong></span> <span class='ocrx_word' id='word_1_40' title='bbox 833 909 1050 1009; x_wconf 79' lang='lat' dir='ltr'><strong>imaginibus,</strong></span> <span class='ocrx_word' id='word_1_41' title='bbox 1065 932 1146 1009; x_wconf 80' lang='lat' dir='ltr'><strong>quae</strong></span> <span class='ocrx_word' id='word_1_42' title='bbox 1163 932 1335 996; x_wconf 82' lang='lat' dir='ltr'><strong>marmore,</strong></span> <span class='ocrx_word' id='word_1_43' title='bbox 1349 909 1390 979; x_wconf 81' lang='lat' dir='ltr'><strong>aul</strong></span> 
     </span>
     <span class='ocr_line' id='line_1_7' title="bbox 279 1022 1390 1127; baseline -0.013 -18"><span class='ocrx_word' id='word_1_44' title='bbox 279 1050 350 1109; x_wconf 73' lang='lat' dir='ltr'><strong>aere</strong></span> <span class='ocrx_word' id='word_1_45' title='bbox 375 1028 577 1127; x_wconf 77' lang='lat' dir='ltr'><strong>lingunturt</strong></span> <span class='ocrx_word' id='word_1_46' title='bbox 602 1028 663 1101; x_wconf 84' lang='lat' dir='ltr'><strong>sed</strong></span> <span class='ocrx_word' id='word_1_47' title='bbox 680 1042 719 1099; x_wconf 92' lang='lat' dir='ltr'><strong>ut</strong></span> <span class='ocrx_word' id='word_1_48' title='bbox 734 1025 851 1099; x_wconf 83' lang='lat' dir='ltr'><strong>vultus</strong></span> <span class='ocrx_word' id='word_1_49' title='bbox 874 1024 1069 1114; x_wconf 87' lang='lat' dir='ltr'><strong>hominum,</strong></span> <span class='ocrx_word' id='word_1_50' title='bbox 1085 1025 1132 1097; x_wconf 82' lang='lat' dir='ltr'><strong>ita</strong></span> <span class='ocrx_word' id='word_1_51' title='bbox 1154 1023 1327 1098; x_wconf 68' lang='lat' dir='ltr'><strong>simulcra</strong></span> <span class='ocrx_word' id='word_1_52' title='bbox 1338 1022 1390 1095; x_wconf 81' lang='lat' dir='ltr'><strong>rul-</strong></span> 
     </span>
     <span class='ocr_line' id='line_1_8' title="bbox 279 1134 1391 1236; baseline -0.005 -20"><span class='ocrx_word' id='word_1_53' title='bbox 279 1145 339 1219; x_wconf 82' lang='lat' dir='ltr'><strong>ms</strong></span> <span class='ocrx_word' id='word_1_54' title='bbox 353 1142 525 1217; x_wconf 87' lang='lat' dir='ltr'><strong>imbecilla</strong></span> <span class='ocrx_word' id='word_1_55' title='bbox 539 1166 579 1215; x_wconf 84' lang='lat' dir='ltr'><strong>ac</strong></span> <span class='ocrx_word' id='word_1_56' title='bbox 595 1138 752 1215; x_wconf 84' lang='lat' dir='ltr'><strong>mortalia</strong></span> <span class='ocrx_word' id='word_1_57' title='bbox 767 1157 860 1230; x_wconf 80' lang='lat' dir='ltr'><strong>sunt,</strong></span> <span class='ocrx_word' id='word_1_58' title='bbox 876 1137 989 1213; x_wconf 81' lang='lat' dir='ltr'><strong>forma</strong></span> <span class='ocrx_word' id='word_1_59' title='bbox 1003 1138 1128 1213; x_wconf 85' lang='lat' dir='ltr'><strong>mentis</strong></span> <span class='ocrx_word' id='word_1_60' title='bbox 1143 1134 1294 1220; x_wconf 94' lang='grc' dir='ltr'>πίεται</span> <span class='ocrx_word' id='word_1_61' title='bbox 1313 1160 1391 1236; x_wconf 80' lang='lat' dir='ltr'><strong>quan</strong></span> 
     </span>
     <span class='ocr_line' id='line_1_9' title="bbox 210 1251 1390 1355; baseline -0.004 -23"><span class='ocrx_word' id='word_1_62' title='bbox 210 1280 214 1289; x_wconf 85' lang='lat'><em>·</em></span> <span class='ocrx_word' id='word_1_63' title='bbox 278 1276 397 1339; x_wconf 89' lang='lat' dir='ltr'><strong>tenere</strong></span> <span class='ocrx_word' id='word_1_64' title='bbox 408 1276 442 1331; x_wconf 92' lang='lat' dir='ltr'><strong>et</strong></span> <span class='ocrx_word' id='word_1_65' title='bbox 455 1257 647 1355; x_wconf 83' lang='lat' dir='ltr'><strong>exprimere</strong></span> <span class='ocrx_word' id='word_1_66' title='bbox 664 1281 735 1331; x_wconf 91' lang='lat' dir='ltr'><strong>non</strong></span> <span class='ocrx_word' id='word_1_67' title='bbox 747 1278 810 1355; x_wconf 86' lang='lat' dir='ltr'><strong>per</strong></span> <span class='ocrx_word' id='word_1_68' title='bbox 825 1256 971 1330; x_wconf 83' lang='lat' dir='ltr'><strong>alienam</strong></span> <span class='ocrx_word' id='word_1_69' title='bbox 987 1255 1163 1329; x_wconf 77' lang='lat' dir='ltr'><strong>materiam</strong></span> <span class='ocrx_word' id='word_1_70' title='bbox 1179 1272 1215 1329; x_wconf 90' lang='lat' dir='ltr'><strong>et</strong></span> <span class='ocrx_word' id='word_1_71' title='bbox 1229 1251 1390 1350; x_wconf 64' lang='lat' dir='ltr'><strong>anemeel</strong></span> 
     </span>
     <span class='ocr_line' id='line_1_10' title="bbox 231 1364 1390 1472; baseline -0.005 -26"><span class='ocrx_word' id='word_1_72' title='bbox 231 1394 238 1415; x_wconf 84' lang='lat'><strong>·</strong></span> <span class='ocrx_word' id='word_1_73' title='bbox 278 1374 348 1461; x_wconf 77' lang='lat' dir='ltr'><strong>tuis</strong></span> <span class='ocrx_word' id='word_1_74' title='bbox 363 1374 435 1471; x_wconf 84' lang='lat' dir='ltr'><strong>ipse</strong></span> <span class='ocrx_word' id='word_1_75' title='bbox 451 1372 605 1447; x_wconf 84' lang='lat' dir='ltr'><strong>moribus</strong></span> <span class='ocrx_word' id='word_1_76' title='bbox 621 1372 739 1471; x_wconf 85' lang='lat' dir='ltr'><strong>possis.</strong></span> <span class='ocrx_word' id='word_1_77' title='bbox 784 1372 965 1472; x_wconf 77' lang='lat' dir='ltr'><strong>Quidquid</strong></span> <span class='ocrx_word' id='word_1_78' title='bbox 981 1398 1027 1447; x_wconf 81' lang='lat' dir='ltr'><strong>ex</strong></span> <span class='ocrx_word' id='word_1_79' title='bbox 1043 1370 1212 1471; x_wconf 77' lang='lat' dir='ltr'><strong>Agricolri</strong></span> <span class='ocrx_word' id='word_1_80' title='bbox 1223 1364 1390 1455; x_wconf 83' lang='lat' dir='ltr'><strong>amavimus,</strong></span> 
     </span>
     <span class='ocr_line' id='line_1_11' title="bbox 279 1480 1392 1587; baseline -0.006 -25"><span class='ocrx_word' id='word_1_81' title='bbox 279 1488 448 1587; x_wconf 90' lang='lat' dir='ltr'><strong>quidquid</strong></span> <span class='ocrx_word' id='word_1_82' title='bbox 465 1488 575 1563; x_wconf 82' lang='lat' dir='ltr'><strong>mirati</strong></span> <span class='ocrx_word' id='word_1_83' title='bbox 591 1515 724 1579; x_wconf 87' lang='lat' dir='ltr'><strong>sumus,</strong></span> <span class='ocrx_word' id='word_1_84' title='bbox 740 1507 868 1581; x_wconf 86' lang='lat' dir='ltr'><strong>manet,</strong></span> <span class='ocrx_word' id='word_1_85' title='bbox 885 1506 1155 1585; x_wconf 87' lang='lat' dir='ltr'><strong>mansurumque</strong></span> <span class='ocrx_word' id='word_1_86' title='bbox 1178 1504 1230 1560; x_wconf 84' lang='lat' dir='ltr'><strong>est</strong></span> <span class='ocrx_word' id='word_1_87' title='bbox 1250 1484 1285 1557; x_wconf 91' lang='lat' dir='ltr'><strong>in</strong></span> <span class='ocrx_word' id='word_1_88' title='bbox 1302 1480 1392 1555; x_wconf 80' lang='lat' dir='ltr'><strong>aninris</strong></span> 
     </span>
     <span class='ocr_line' id='line_1_12' title="bbox 279 1598 1392 1704; baseline -0.009 -27"><span class='ocrx_word' id='word_1_89' title='bbox 279 1604 474 1693; x_wconf 89' lang='lat' dir='ltr'><strong>hominurn,</strong></span> <span class='ocrx_word' id='word_1_90' title='bbox 507 1604 544 1677; x_wconf 92' lang='lat' dir='ltr'><strong>in</strong></span> <span class='ocrx_word' id='word_1_91' title='bbox 576 1608 763 1680; x_wconf 82' lang='lat' dir='ltr'><strong>aeternitate</strong></span> <span class='ocrx_word' id='word_1_92' title='bbox 795 1606 1005 1704; x_wconf 87' lang='lat' dir='ltr'><strong>temporum,</strong></span> <span class='ocrx_word' id='word_1_93' title='bbox 1030 1601 1124 1678; x_wconf 65' lang='lat' dir='ltr'><strong>fama</strong></span> <span class='ocrx_word' id='word_1_94' title='bbox 1151 1626 1281 1675; x_wconf 85' lang='lat' dir='ltr'><strong>rerum.</strong></span> <span class='ocrx_word' id='word_1_95' title='bbox 1323 1598 1392 1670; x_wconf 83' lang='lat' dir='ltr'><strong>Nan</strong></span> 
     </span>
     <span class='ocr_line' id='line_1_13' title="bbox 279 1715 1392 1823; baseline -0.01 -29"><span class='ocrx_word' id='word_1_96' title='bbox 279 1720 408 1803; x_wconf 81' lang='lat' dir='ltr'><strong>multos</strong></span> <span class='ocrx_word' id='word_1_97' title='bbox 420 1736 589 1811; x_wconf 85' lang='lat' dir='ltr'><strong>veterum,</strong></span> <span class='ocrx_word' id='word_1_98' title='bbox 601 1720 695 1793; x_wconf 88' lang='lat' dir='ltr'><strong>velut</strong></span> <span class='ocrx_word' id='word_1_99' title='bbox 706 1720 888 1823; x_wconf 85' lang='lat' dir='ltr'><strong>inglorios,</strong></span> <span class='ocrx_word' id='word_1_100' title='bbox 901 1738 935 1793; x_wconf 88' lang='lat' dir='ltr'><strong>et</strong></span> <span class='ocrx_word' id='word_1_101' title='bbox 947 1718 1127 1818; x_wconf 82' lang='lat' dir='ltr'><strong>ignobiles,</strong></span> <span class='ocrx_word' id='word_1_102' title='bbox 1136 1715 1264 1789; x_wconf 84' lang='lat' dir='ltr'><strong>oblivio</strong></span> <span class='ocrx_word' id='word_1_103' title='bbox 1275 1716 1392 1798; x_wconf 87' lang='lat' dir='ltr'><strong>obruet;</strong></span> 
     </span>
     <span class='ocr_line' id='line_1_14' title="bbox 280 1832 1343 1941; baseline -0.007 -30"><span class='ocrx_word' id='word_1_104' title='bbox 280 1834 457 1935; x_wconf 79' lang='lat' dir='ltr'><strong>Agricola,</strong></span> <span class='ocrx_word' id='word_1_105' title='bbox 474 1835 658 1941; x_wconf 77' lang='lat' dir='ltr'><strong>posteritati</strong></span> <span class='ocrx_word' id='word_1_106' title='bbox 673 1854 830 1911; x_wconf 84' lang='lat' dir='ltr'><strong>narratus</strong></span> <span class='ocrx_word' id='word_1_107' title='bbox 845 1853 880 1911; x_wconf 89' lang='lat' dir='ltr'><strong>et</strong></span> <span class='ocrx_word' id='word_1_108' title='bbox 896 1835 1051 1928; x_wconf 78' lang='lat' dir='ltr'><strong>traditus,</strong></span> <span class='ocrx_word' id='word_1_109' title='bbox 1072 1851 1246 1937; x_wconf 84' lang='lat' dir='ltr'><strong>superstes</strong></span> <span class='ocrx_word' id='word_1_110' title='bbox 1260 1832 1343 1906; x_wconf 72' lang='lat' dir='ltr'><strong>erit*</strong></span> 
     </span>
    </p>

    <p class='ocr_par' dir='ltr' id='par_1_5' title="bbox 1398 1989 1399 2030">
     <span class='ocr_line' id='line_1_15' title="bbox 1398 1989 1399 2030; baseline 0 0"><span class='ocrx_word' id='word_1_111' title='bbox 1398 1989 1399 2030; x_wconf 86' lang='lat' dir='ltr'><strong>i</strong></span> 
     </span>
    </p>
   </div>
   <div class='ocr_carea' id='block_1_5' title="bbox 270 2131 1400 3176">
    <p class='ocr_par' dir='ltr' id='par_1_6' title="bbox 270 2131 1400 3176">
     <span class='ocr_line' id='line_1_16' title="bbox 281 2131 1399 2213; baseline 0.016 -26"><span class='ocrx_word' id='word_1_112' title='bbox 281 2131 514 2191; x_wconf 65' lang='lat' dir='ltr'><strong>rememoramus.</strong></span> <span class='ocrx_word' id='word_1_113' title='bbox 533 2132 827 2211; x_wconf 83' lang='lat' dir='ltr'><strong>Vide&#39;nol.etemend.</strong></span> <span class='ocrx_word' id='word_1_114' title='bbox 878 2143 1016 2213; x_wconf 75' lang='lat' dir='ltr'><strong>superstes</strong></span> <span class='ocrx_word' id='word_1_115' title='bbox 1038 2137 1093 2193; x_wconf 82' lang='lat' dir='ltr'><strong>erit</strong></span> <span class='ocrx_word' id='word_1_116' title='bbox 1115 2132 1271 2211; x_wconf 71' lang='lat' dir='ltr'><strong>Agricolsst</strong></span> <span class='ocrx_word' id='word_1_117' title='bbox 1289 2133 1333 2190; x_wconf 62' lang='lat' dir='ltr'><strong>sed</strong></span> <span class='ocrx_word' id='word_1_118' title='bbox 1353 2132 1399 2204; x_wconf 72' lang='lat' dir='ltr'><strong>eju</strong></span> 
     </span>
     <span class='ocr_line' id='line_1_17' title="bbox 281 2209 1399 2291; baseline -0.003 -22"><span class='ocrx_word' id='word_1_119' title='bbox 281 2213 317 2269; x_wconf 82' lang='lat' dir='ltr'><strong>nd</strong></span> <span class='ocrx_word' id='word_1_120' title='bbox 332 2232 397 2291; x_wconf 83' lang='lat' dir='ltr'><strong>cup.</strong></span> <span class='ocrx_word' id='word_1_121' title='bbox 410 2209 460 2272; x_wconf 78' lang='lat'><strong>46.</strong></span> <span class='ocrx_word' id='word_1_122' title='bbox 881 2218 939 2273; x_wconf 80' lang='lat' dir='ltr'><strong>vitu</strong></span> <span class='ocrx_word' id='word_1_123' title='bbox 978 2214 1220 2273; x_wconf 70' lang='lat' dir='ltr'><strong>absolutissimum</strong></span> <span class='ocrx_word' id='word_1_124' title='bbox 1254 2212 1399 2276; x_wconf 67' lang='lat' dir='ltr'><strong>laudatione</strong></span> 
     </span>
     <span class='ocr_line' id='line_1_18' title="bbox 797 2288 1399 2373; baseline -0.01 -21"><span class='ocrx_word' id='word_1_125' title='bbox 797 2308 801 2315; x_wconf 86' lang='grc'><strong><em>·</em></strong></span> <span class='ocrx_word' id='word_1_126' title='bbox 880 2296 1028 2373; x_wconf 81' lang='lat' dir='ltr'><strong>exemplar</strong></span> <span class='ocrx_word' id='word_1_127' title='bbox 1051 2314 1160 2371; x_wconf 79' lang='lat' dir='ltr'><strong>semper</strong></span> <span class='ocrx_word' id='word_1_128' title='bbox 1185 2294 1342 2356; x_wconf 79' lang='lat' dir='ltr'><strong>habebitur.</strong></span> <span class='ocrx_word' id='word_1_129' title='bbox 1375 2288 1399 2348; x_wconf 77' lang='lat' dir='ltr'><strong>ll}</strong></span> 
     </span>
     <span class='ocr_line' id='line_1_19' title="bbox 323 2369 1399 2451; baseline 0.012 -24"><span class='ocrx_word' id='word_1_130' title='bbox 323 2369 333 2401; x_wconf 82' lang='lat'><em>¹</em></span> <span class='ocrx_word' id='word_1_131' title='bbox 357 2370 530 2449; x_wconf 81' lang='lat' dir='ltr'><strong>Famamque.</strong></span> <span class='ocrx_word' id='word_1_132' title='bbox 570 2374 674 2433; x_wconf 82' lang='lat' dir='ltr'><strong>Mallet</strong></span> <span class='ocrx_word' id='word_1_133' title='bbox 697 2374 829 2437; x_wconf 87' lang='lat' dir='ltr'><strong>Muretus</strong></span> <span class='ocrx_word' id='word_1_134' title='bbox 880 2395 981 2445; x_wconf 88' lang='lat' dir='ltr'><strong>unum,</strong></span> <span class='ocrx_word' id='word_1_135' title='bbox 998 2376 1035 2436; x_wconf 76' lang='lat' dir='ltr'><strong>ael</strong></span> <span class='ocrx_word' id='word_1_136' title='bbox 1048 2375 1281 2451; x_wconf 78' lang='lat' dir='ltr'><strong>amplificandam</strong></span> <span class='ocrx_word' id='word_1_137' title='bbox 1298 2389 1326 2434; x_wconf 82' lang='lat' dir='ltr'><strong>et</strong></span> <span class='ocrx_word' id='word_1_138' title='bbox 1340 2369 1399 2449; x_wconf 67' lang='lat' dir='ltr'><strong>apul</strong></span> 
     </span>
     <span class='ocr_line' id='line_1_20' title="bbox 270 2448 1399 2534; baseline 0.009 -26"><span class='ocrx_word' id='word_1_139' title='bbox 270 2448 407 2534; x_wconf 83' lang='lat' dir='ltr'><strong>sormam.</strong></span> <span class='ocrx_word' id='word_1_140' title='bbox 442 2452 529 2522; x_wconf 87' lang='lat' dir='ltr'><strong>Quod</strong></span> <span class='ocrx_word' id='word_1_141' title='bbox 544 2473 658 2532; x_wconf 86' lang='lat' dir='ltr'><strong>quoque</strong></span> <span class='ocrx_word' id='word_1_142' title='bbox 671 2457 752 2515; x_wconf 88' lang='lat' dir='ltr'><strong>nobis</strong></span> <span class='ocrx_word' id='word_1_143' title='bbox 765 2454 829 2533; x_wconf 90' lang='lat' dir='ltr'><strong>plu·</strong></span> <span class='ocrx_word' id='word_1_144' title='bbox 879 2477 929 2516; x_wconf 78' lang='lat' dir='ltr'><strong>nos</strong></span> <span class='ocrx_word' id='word_1_145' title='bbox 946 2458 1134 2518; x_wconf 77' lang='lat' dir='ltr'><strong>aeternaudnm</strong></span> <span class='ocrx_word' id='word_1_146' title='bbox 1153 2455 1297 2532; x_wconf 72' lang='lat' dir='ltr'><strong>Agnone</strong></span> <span class='ocrx_word' id='word_1_147' title='bbox 1309 2454 1399 2518; x_wconf 68' lang='grc' dir='ltr'>[ιαιαι</span> 
     </span>
     <span class='ocr_line' id='line_1_21' title="bbox 282 2532 1399 2615; baseline 0.004 -26"><span class='ocrx_word' id='word_1_148' title='bbox 282 2533 386 2590; x_wconf 80' lang='lat' dir='ltr'><strong>rimbm</strong></span> <span class='ocrx_word' id='word_1_149' title='bbox 400 2532 503 2609; x_wconf 82' lang='lat' dir='ltr'><strong>placet.</strong></span> <span class='ocrx_word' id='word_1_150' title='bbox 524 2533 598 2601; x_wconf 85' lang='lat' dir='ltr'><strong>Quis</strong></span> <span class='ocrx_word' id='word_1_151' title='bbox 611 2537 685 2594; x_wconf 82' lang='lat' dir='ltr'><strong>onim</strong></span> <span class='ocrx_word' id='word_1_152' title='bbox 699 2536 829 2615; x_wconf 82' lang='lat' dir='ltr'><strong>seratso·</strong></span> <span class='ocrx_word' id='word_1_153' title='bbox 878 2538 1044 2614; x_wconf 76' lang='lat' dir='ltr'><strong>optaverim,</strong></span> <span class='ocrx_word' id='word_1_154' title='bbox 1064 2547 1098 2595; x_wconf 88' lang='lat' dir='ltr'><strong>ut</strong></span> <span class='ocrx_word' id='word_1_155' title='bbox 1109 2537 1168 2597; x_wconf 73' lang='lat' dir='ltr'><strong>rita</strong></span> <span class='ocrx_word' id='word_1_156' title='bbox 1186 2537 1259 2608; x_wconf 76' lang='lat' dir='ltr'><strong>baec,</strong></span> <span class='ocrx_word' id='word_1_157' title='bbox 1279 2555 1357 2613; x_wconf 87' lang='lat' dir='ltr'><strong>quam</strong></span> <span class='ocrx_word' id='word_1_158' title='bbox 1374 2533 1399 2588; x_wconf 60' lang='lat' dir='ltr'><strong>li*</strong></span> 
     </span>
     <span class='ocr_line' id='line_1_22' title="bbox 281 2614 1399 2690; baseline 0 -20"><span class='ocrx_word' id='word_1_159' title='bbox 281 2614 725 2690; x_wconf 75' lang='lat' dir='ltr'><strong>mamenirn-complectantur?</strong></span> <span class='ocrx_word' id='word_1_160' title='bbox 738 2619 829 2674; x_wconf 82' lang='lat' dir='ltr'><strong>maxi·</strong></span> <span class='ocrx_word' id='word_1_161' title='bbox 880 2618 1061 2676; x_wconf 84' lang='lat' dir='ltr'><strong>lustrissimus</strong></span> <span class='ocrx_word' id='word_1_162' title='bbox 1095 2617 1313 2677; x_wconf 81' lang='lat' dir='ltr'><strong>Niverncnaiunr</strong></span> <span class='ocrx_word' id='word_1_163' title='bbox 1346 2615 1399 2672; x_wconf 75' lang='lat' dir='ltr'><strong>Dur</strong></span> 
     </span>
     <span class='ocr_line' id='line_1_23' title="bbox 282 2692 1400 2782; baseline 0 -34"><span class='ocrx_word' id='word_1_164' title='bbox 282 2692 329 2782; x_wconf 65' lang='lat' dir='ltr'><strong>neb</strong></span> <span class='ocrx_word' id='word_1_165' title='bbox 343 2692 409 2750; x_wconf 75' lang='lat' dir='ltr'><strong>crim</strong></span> <span class='ocrx_word' id='word_1_166' title='bbox 424 2711 490 2748; x_wconf 86' lang='lat' dir='ltr'><strong>mox</strong></span> <span class='ocrx_word' id='word_1_167' title='bbox 499 2707 644 2766; x_wconf 72' lang='lat' dir='ltr'><strong>sequetem,</strong></span> <span class='ocrx_word' id='word_1_168' title='bbox 645 2696 747 2774; x_wconf 81' lang='lat' dir='ltr'><strong>forma</strong></span> <span class='ocrx_word' id='word_1_169' title='bbox 758 2717 830 2754; x_wconf 72' lang='lat' dir='ltr'><strong>nien·</strong></span> <span class='ocrx_word' id='word_1_170' title='bbox 881 2698 997 2759; x_wconf 80' lang='lat' dir='ltr'><strong>Gallico</strong></span> <span class='ocrx_word' id='word_1_171' title='bbox 1015 2716 1141 2756; x_wconf 80' lang='lat' dir='ltr'><strong>sermone</strong></span> <span class='ocrx_word' id='word_1_172' title='bbox 1161 2696 1295 2767; x_wconf 76' lang='lat' dir='ltr'><strong>reddidit,</strong></span> <span class='ocrx_word' id='word_1_173' title='bbox 1313 2693 1400 2773; x_wconf 83' lang='lat' dir='ltr'><strong>publici</strong></span> 
     </span>
     <span class='ocr_line' id='line_1_24' title="bbox 282 2773 1400 2854; baseline 0.002 -28"><span class='ocrx_word' id='word_1_174' title='bbox 282 2779 320 2828; x_wconf 78' lang='lat' dir='ltr'><strong>tre</strong></span> <span class='ocrx_word' id='word_1_175' title='bbox 343 2779 464 2828; x_wconf 73' lang='lat' dir='ltr'><strong>eterna:</strong></span> <span class='ocrx_word' id='word_1_176' title='bbox 487 2786 516 2828; x_wconf 85' lang='lat' dir='ltr'><strong>et</strong></span> <span class='ocrx_word' id='word_1_177' title='bbox 536 2773 608 2832; x_wconf 84' lang='lat' dir='ltr'><strong>inim</strong></span> <span class='ocrx_word' id='word_1_178' title='bbox 623 2776 651 2832; x_wconf 92' lang='lat' dir='ltr'><strong>in</strong></span> <span class='ocrx_word' id='word_1_179' title='bbox 667 2776 779 2854; x_wconf 84' lang='lat' dir='ltr'><strong>Dialog.</strong></span> <span class='ocrx_word' id='word_1_180' title='bbox 793 2778 829 2834; x_wconf 85' lang='lat' dir='ltr'><strong>de</strong></span> <span class='ocrx_word' id='word_1_181' title='bbox 876 2777 949 2852; x_wconf 86' lang='lat' dir='ltr'><strong>juris</strong></span> <span class='ocrx_word' id='word_1_182' title='bbox 971 2777 1036 2838; x_wconf 85' lang='lat' dir='ltr'><strong>fiat:</strong></span> <span class='ocrx_word' id='word_1_183' title='bbox 1059 2778 1213 2836; x_wconf 83' lang='lat' dir='ltr'><strong>minutum</strong></span> <span class='ocrx_word' id='word_1_184' title='bbox 1237 2778 1365 2834; x_wconf 83' lang='lat' dir='ltr'><strong>virtutum</strong></span> <span class='ocrx_word' id='word_1_185' title='bbox 1381 2782 1400 2828; x_wconf 85' lang='lat' dir='ltr'><strong>ct</strong></span> 
     </span>
     <span class='ocr_line' id='line_1_25' title="bbox 282 2851 1400 2943; baseline 0.001 -36"><span class='ocrx_word' id='word_1_186' title='bbox 282 2851 463 2942; x_wconf 71' lang='lat' dir='ltr'><strong>Oratoribus,</strong></span> <span class='ocrx_word' id='word_1_187' title='bbox 491 2869 556 2943; x_wconf 48' lang='lat' dir='ltr'><strong>cap:</strong></span> <span class='ocrx_word' id='word_1_188' title='bbox 579 2865 604 2912; x_wconf 92' lang='lat'><strong>1.</strong></span> <span class='ocrx_word' id='word_1_189' title='bbox 624 2855 687 2912; x_wconf 79' lang='lat' dir='ltr'><strong>dum</strong></span> <span class='ocrx_word' id='word_1_190' title='bbox 702 2856 828 2934; x_wconf 75' lang='lat' dir='ltr'><strong>jiermnm</strong></span> <span class='ocrx_word' id='word_1_191' title='bbox 863 2857 1024 2916; x_wconf 80' lang='lat' dir='ltr'><strong>-litcrnrurn</strong></span> <span class='ocrx_word' id='word_1_192' title='bbox 1036 2855 1400 2934; x_wconf 77' lang='lat' dir='ltr'><strong>certamiucquiecorumsil</strong></span> 
     </span>
     <span class='ocr_line' id='line_1_26' title="bbox 282 2933 1400 3014; baseline 0.008 -27"><span class='ocrx_word' id='word_1_193' title='bbox 282 2951 326 2987; x_wconf 82' lang='lat' dir='ltr'><strong>rur</strong></span> <span class='ocrx_word' id='word_1_194' title='bbox 340 2951 453 3008; x_wconf 79' lang='lat' dir='ltr'><strong>qumque</strong></span> <span class='ocrx_word' id='word_1_195' title='bbox 465 2940 493 2988; x_wconf 79' lang='lat' dir='ltr'><strong>el</strong></span> <span class='ocrx_word' id='word_1_196' title='bbox 507 2935 591 2991; x_wconf 68' lang='lat' dir='ltr'><strong>antini</strong></span> <span class='ocrx_word' id='word_1_197' title='bbox 602 2943 630 2996; x_wconf 81' lang='lat' dir='ltr'><strong>el</strong></span> <span class='ocrx_word' id='word_1_198' title='bbox 650 2935 756 3012; x_wconf 79' lang='lat' dir='ltr'><strong>ingenii</strong></span> <span class='ocrx_word' id='word_1_199' title='bbox 769 2938 830 2995; x_wconf 73' lang='lat' dir='ltr'><strong>reel-</strong></span> <span class='ocrx_word' id='word_1_200' title='bbox 880 2940 1033 3006; x_wconf 78' lang='lat' dir='ltr'><strong>maximus,</strong></span> <span class='ocrx_word' id='word_1_201' title='bbox 1053 2937 1113 2998; x_wconf 81' lang='lat' dir='ltr'><strong>iano</strong></span> <span class='ocrx_word' id='word_1_202' title='bbox 1132 2938 1182 3014; x_wconf 88' lang='lat' dir='ltr'><strong>qui</strong></span> <span class='ocrx_word' id='word_1_203' title='bbox 1202 2939 1245 2997; x_wconf 82' lang='lat' dir='ltr'><strong>itu</strong></span> <span class='ocrx_word' id='word_1_204' title='bbox 1258 2933 1359 3003; x_wconf 78' lang='lat' dir='ltr'><strong>vixerit,</strong></span> <span class='ocrx_word' id='word_1_205' title='bbox 1374 2950 1400 2995; x_wconf 73' lang='lat' dir='ltr'><strong>alt</strong></span> 
     </span>
     <span class='ocr_line' id='line_1_27' title="bbox 283 3011 1400 3096; baseline 0.006 -30"><span class='ocrx_word' id='word_1_206' title='bbox 283 3011 372 3067; x_wconf 74' lang='lat' dir='ltr'><strong>aleret.</strong></span> <span class='ocrx_word' id='word_1_207' title='bbox 411 3011 521 3069; x_wconf 79' lang='lat' dir='ltr'><strong>Parrum</strong></span> <span class='ocrx_word' id='word_1_208' title='bbox 545 3025 636 3073; x_wconf 83' lang='lat' dir='ltr'><strong>tumen</strong></span> <span class='ocrx_word' id='word_1_209' title='bbox 656 3018 775 3076; x_wconf 74' lang='lat' dir='ltr'><strong>retinere</strong></span> <span class='ocrx_word' id='word_1_210' title='bbox 787 3020 828 3076; x_wconf 92' lang='lat' dir='ltr'><strong>in-</strong></span> <span class='ocrx_word' id='word_1_211' title='bbox 879 3020 929 3094; x_wconf 89' lang='lat' dir='ltr'><strong>qui</strong></span> <span class='ocrx_word' id='word_1_212' title='bbox 944 3017 1147 3092; x_wconf 70' lang='lat' dir='ltr'><strong>inscripserit,</strong></span> <span class='ocrx_word' id='word_1_213' title='bbox 1167 3037 1204 3076; x_wconf 88' lang='lat' dir='ltr'><strong>an</strong></span> <span class='ocrx_word' id='word_1_214' title='bbox 1223 3013 1400 3096; x_wconf 76' lang='lat' dir='ltr'><strong>quiitetueu&#39;t</strong></span> 
     </span>
     <span class='ocr_line' id='line_1_28' title="bbox 286 3089 1087 3176; baseline 0.015 -28"><span class='ocrx_word' id='word_1_215' title='bbox 286 3089 555 3166; x_wconf 71' lang='lat' dir='ltr'><strong>terpretesplurirni.</strong></span> <span class='ocrx_word' id='word_1_216' title='bbox 879 3099 1087 3176; x_wconf 73' lang='lat' dir='ltr'><strong>interpretatus,</strong></span> 
     </span>
    </p>
   </div>
   <div class='ocr_carea' id='block_1_6' title="bbox 323 3144 853 3259">
    <p class='ocr_par' dir='ltr' id='par_1_7' title="bbox 323 3144 853 3259">
     <span class='ocr_line' id='line_1_29' title="bbox 323 3144 853 3259; baseline 0.008 -31"><span class='ocrx_word' id='word_1_217' title='bbox 323 3165 337 3196; x_wconf 79' lang='lat'>²</span> <span class='ocrx_word' id='word_1_218' title='bbox 366 3169 511 3248; x_wconf 69' lang='lat' dir='ltr'><strong>Superstes</strong></span> <span class='ocrx_word' id='word_1_219' title='bbox 543 3172 607 3230; x_wconf 74' lang='lat' dir='ltr'><strong>era&#39;t.</strong></span> <span class='ocrx_word' id='word_1_220' title='bbox 642 3175 708 3233; x_wconf 86' lang='lat' dir='ltr'><strong>Non</strong></span> <span class='ocrx_word' id='word_1_221' title='bbox 741 3144 853 3259; x_wconf 66' lang='lat' dir='ltr'><strong>modii</strong></span> 
     </span>
    </p>
   </div>
   <div class='ocr_carea' id='block_1_7' title="bbox 0 0 1443 4950">
    <p class='ocr_par' dir='ltr' id='par_1_8' title="bbox 0 0 1443 4950">
     <span class='ocr_line' id='line_1_30' title="bbox 0 0 1443 4950; baseline 0 0"><span class='ocrx_word' id='word_1_222' title='bbox 0 0 1443 4950; x_wconf 95' lang='lat' dir='ltr'><strong> </strong></span> 
     </span>
    </p>
   </div>
  </div>
 </body>
</html>
