2859 4950
233 241 294 330 „q
636 231 976 310 substantiarum
1176 237 1366 306 numme

236 393 362 482 viriles,
389 391 506 488 plures
533 385 760 460 adsuetudine
787 387 927 477 servitii,
954 387 1126 466 imbelles.
1185 392 1363 472 Orationem

235 509 363 585 melitis
400 505 497 580 flexit
529 503 641 602 Sejani
678 501 871 577 amicorum
911 503 1193 607 integerrimus:¹
1232 509 1365 603 crimina,

236 651 315 725 quae
328 622 411 696 nihil
429 621 472 694 ad
489 645 524 692 se
541 619 764 716 pertinerent,
779 618 892 692 siluit:
918 645 1051 694 sacram
1065 620 1289 722 intactamque
1299 629 1363 702 ami·

235 743 348 817 citiam
365 735 534 838 purgavit.
585 741 611 776 ‘⁶
628 736 873 831 Numquam‚”
898 735 1023 834 inquit,
1044 744 1070 782 “
1082 739 1196 837 Sejani
1219 765 1363 833 amorem,

236 867 262 903 “
288 855 371 930 mihi
400 853 583 952 pudorem,
612 867 671 922 aut
698 851 822 947 Sejano
851 849 1012 924 invidiam
1037 853 1221 931 allaturrun
1244 859 1363 932 censui:

235 983 262 1020 “
288 978 361 1074 ejus
387 965 533 1044 amicitii
557 969 602 1040 ad
629 965 829 1064 reipublicae
845 967 1025 1042 utilitatem
1041 993 1120 1044 sum
1135 995 1229 1046 usus
1277 976 1366 1047 Versa

237 1100 263 1136 “
289 1108 339 1164 est
354 1086 517 1176 fortuna3
545 1100 579 1156 et
606 1082 663 1154 ille
689 1082 843 1179 quidem,
874 1083 933 1182 qui
960 1085 1131 1184 collegam
1158 1104 1194 1160 et
1219 1113 1366 1188 generum

237 1217 263 1252 “
288 1204 498 1292 adsciverat,
518 1199 581 1273 sibi
614 1198 778 1298 ignoscit:
814 1199 932 1290 ceteri,
976 1227 1083 1298 quem
1123 1227 1189 1304 per
1219 1203 1366 1280 dedecora

234 1333 262 1370 “
286 1322 421 1411 fovere,
462 1345 545 1409 cum
577 1317 706 1390 scelere
738 1316 958 1392 insectantur.
1024 1321 1203 1392 Caesarem
1233 1323 1368 1411 absolvit,

236 1451 263 1485 “
288 1455 432 1537 experta
454 1460 517 1532 per
543 1431 719 1506 sexdecim
735 1457 857 1523 annoS,
884 1435 996 1534 Sejani
1023 1435 1120 1510 fides.
1172 1437 1249 1512 Hos
1274 1440 1367 1538 arguit

236 1566 263 1602 “
287 1557 456 1656 probrosa
470 1548 668 1628 adsentatio.
718 1550 782 1622 Me
811 1573 908 1623 sacra
931 1549 1088 1626 amicitiae
1112 1554 1193 1651 jura
1216 1571 1366 1628 tueauuu.

236 1683 262 1720 ‘⁶
274 1672 450 1748 Miserius
466 1671 508 1742 sit
537 1667 583 1742 ob
609 1664 791 1742 amicitiam
806 1667 972 1758 accusari,
993 1691 1038 1740 an
1063 1667 1216 1743 amicum
1230 1695 1368 1771 accusare

235 1800 261 1837 “
287 1787 381 1864 haud
407 1785 648 1859 discreverim:
684 1783 783 1881 priris
809 1801 987 1880 expertus,
1013 1785 1188 1882 posterius
1206 1787 1367 1860 horresco:
1388 1869 1391 1879 Ι

236 1919 261 1953 “
288 1931 352 1980 nec
370 1929 427 1976 me
443 1903 653 2001 degenerem
670 1899 842 1997 reperient
850 1899 930 1972 vitae
942 1915 1110 1974 extrema.
1163 1901 1245 1977 Vixi
1259 1903 1368 1991 imons,

235 2034 262 2071 ‘⁶
288 2023 382 2096 haud
399 2019 528 2092 moriar
542 2015 712 2116 ignobilis.
764 2017 849 2092 Non
870 2014 1135 2106 crudelitatem:
1151 2042 1226 2092 non
1240 2019 1369 2104 clemen·

235 2150 263 2187 ‘⁶
289 2140 371 2214 tiam
387 2139 592 2236 cujusquam
608 2131 780 2230 experiar,
796 2131 858 2206 sed
874 2129 962 2221 liber
977 2133 1113 2206 etmihi
1136 2133 1203 2232 ipsi
1226 2139 1370 2234 probatus

235 2255 425 2330 “anteibo
441 2251 646 2350 periculum.
698 2251 773 2322 Vos
788 2249 954 2339 obtestor,
979 2272 1026 2322 ne
1051 2251 1257 2325 memoriam
1282 2251 1371 2326 nostri

235 2383 262 2431 ‘⁶
287 2399 350 2474 per
366 2393 556 2446 moerorem
573 2365 679 2466 quim
692 2366 761 2440 laeti
776 2364 960 2455 retineatis,
972 2365 1163 2465 adjiciendo
1181 2393 1239 2442 me
1252 2391 1373 2468 quoque

111 2580 118 2595 ‚
236 2500 263 2537 “
288 2492 340 2583 iis,
358 2488 417 2588 qui
433 2490 503 2560 fine
520 2484 660 2585 egregio
677 2484 817 2593 publica
831 2484 922 2557 mala
937 2484 1176 2584 effugerunt.”

225 2740 248 2799 ’,
286 2730 348 2802 47.
374 2723 492 2793 Tune
510 2717 678 2815 singulos,
695 2734 734 2790 ut
762 2716 1087 2816 cuiqueadsistere,
1102 2717 1246 2817 adloqui
1259 2718 1373 2792 anirum

238 2854 324 2929 erat,
341 2836 492 2929 retinens
517 2849 576 2907 aut
602 2832 788 2924 dimittens,
810 2852 945 2931 partem
960 2832 1028 2907 diei
1051 2834 1241 2927 absumsit3
1267 2834 1374 2908 multo·

238 2980 308 3053 que
330 2952 444 3025 adhuc
471 2968 567 3025 coetu
592 2968 627 3026 et
656 2950 788 3024 cunctis
815 2951 1025 3049 intrepidum
1047 2950 1186 3024 vultum
1208 2956 1281 3051 eju‘s
1295 2972 1374 3047 spec·

179 3084 182 3093 '
238 3068 401 3158 rantibus,
416 3067 504 3141 ciun
516 3090 693 3164 superesse
703 3084 841 3165 tempus
856 3067 1047 3143 novissimis
1059 3070 1254 3158 crederent,
1262 3066 1373 3169 gladio,

238 3210 344 3285 quem
360 3184 437 3259 sinu
452 3182 642 3272 abdiderat,
657 3182 824 3257 incubuit.
874 3186 1001 3283 Neque
1014 3184 1134 3259 Caesar
1148 3184 1230 3258 ullis
1244 3180 1374 3257 crimini·

159 3347 163 3354 ·
238 3306 316 3393 bus,
340 3317 400 3375 aut
416 3299 551 3397 probris
567 3295 772 3373 defimctum
787 3300 970 3376 insectatus
986 3318 1051 3389 est,
1071 3302 1161 3373 cum
1184 3300 1222 3374 in
1237 3300 1376 3375 Btaesum

238 3420 347 3493 multa
363 3416 527 3513 foedaque
542 3414 774 3509 incusavisset.

287 3660 348 3723 48.
377 3649 581 3721 Rannrum
592 3646 672 3720 inde
682 3648 727 3720 de
739 3648 779 3723 P.
791 3646 943 3736 Vrtellio,
953 3664 988 3721 et
1000 3646 1195 3745 Pomponio
1210 3630 1373 3723 Secundo:

157 3808 160 3816 ·
229 3764 338 3839 illum
366 3762 494 3837 indices
519 3766 723 3862 arguebant,
749 3764 942 3837 “claustra
966 3762 1090 3853 aerarii,
1119 3762 1176 3836 cui
1207 3762 1372 3863 praefectus

198 3972 201 3979 Ι
239 3890 265 3927 “
291 3897 376 3970 erat,
393 3896 426 3951 et
440 3878 620 3952 militarem
637 3878 820 3976 pecuniam
836 3880 941 3953 rebus
956 3879 1054 3953 novis
1070 3878 1236 3953 obtulime
1245 3881 1282 3955 :³³
1305 3874 1371 3949 huic

238 3986 453 4086 iConsidio,
494 3994 647 4094 praeturi
684 3992 821 4089 functo,
859 3998 1094 4097 objectabatur
1125 4004 1152 4051 “
1169 3996 1252 4071 AElii
1292 3986 1373 4069 Galli

239 4121 265 4167 “
289 4112 447 4203 amicitia,
472 4112 545 4209 qui,
573 4111 694 4208 punito
720 4114 858 4211 SeJano,
884 4112 922 4185 in
947 4114 1068 4187 hortos
1082 4112 1275 4211 Pomponii,
1290 4102 1370 4208 quasi

280 4324 289 4354 ¹
313 4328 529 4406 Integerrimrrs.
580 4326 669 4387 Periit
689 4346 791 4387 nornen
842 4331 918 4389 notis
931 4330 1073 4390 illustrata
1093 4332 1158 4391 ride
1172 4316 1369 4389 sanuses

241 4408 291 4468 viri
306 4408 489 4486 integerrimi.
841 4431 899 4489 seq.

279 4484 293 4512 ²
314 4488 382 4547 Non
421 4490 623 4555 crudelitatem.
687 4490 789 4552 Cetera
