2859 4950
241 282 302 343 uro
339 290 353 313 ν
640 268 979 335 suerinnnu‘rum
1179 270 1354 333 suom.

179 466 183 472 ·
241 430 384 531 quidem
413 427 571 527 jactatus,
611 422 741 500 amissis
779 422 959 525 naufragio
997 422 1239 523 pretiosissimis
1269 428 1357 514 rebus,

241 543 450 643 Neapolim¹
475 540 659 615 incolumis
674 539 841 639 pervenit.
893 541 1044 631 Urbem,
1068 541 1152 615 olim
1168 540 1278 641 gloriae
1291 541 1375 623 incu-l

242 660 397 751 nabula,²
421 658 677 758 triumphorum
693 680 788 730 nunc
805 674 941 746 testem,
965 657 1114 732 revisere
1125 656 1244 757 gestiit.
1287 658 1376 731 lianc¹

242 776 329 851 albis
340 773 463 873 equis,³
488 772 629 873 disjecti
645 772 737 845 muri
761 789 871 870 parte,
897 789 935 845 ut
951 798 1028 846 mos
1053 772 1294 853 hieronicarum
1306 776 1361 861 est,⁴

243 892 430 996 ingressus
455 889 604 967 Antium
619 888 868 985 Albanumque
881 888 954 985 pari
971 886 1100 995 pompi
1116 886 1250 973 introiit,

293 1133 354 1198 64.
382 1124 475 1199 Cum
495 1122 648 1195 Romam
664 1135 870 1219 peruentum
887 1136 951 1210 est,
976 1120 1140 1205 adornata
1156 1122 1263 1220 major
1277 1120 1365 1193 oium

244 1240 304 1339 phi
327 1239 461 1329 moles3
488 1254 536 1326 et,
561 1252 600 1308 ut
621 1260 757 1308 novum
770 1234 990 1307 victoriarum
1007 1260 1131 1335 genus,
1156 1262 1245 1310 nova
1260 1260 1366 1335 quoque

243 1354 439 1455 excogitata
463 1343 599 1427 decora.
650 1352 728 1425 Nec
744 1348 847 1440 Jovi:
872 1350 1010 1461 Imperii
1038 1350 1191 1449 praesidi,
1216 1354 1273 1435 sed
1288 1352 1367 1449 Apol·

244 1471 319 1572 lini,
356 1470 629 1547 citharoedorum
657 1466 805 1558 numini,
831 1468 1070 1567 supplicatum.
1123 1470 1259 1547 currus
1283 1487 1368 1540 umen

245 1582 427 1687 Augusti,⁶
450 1585 575 1661 veteris
595 1582 859 1683 magnificentia
886 1584 1154 1683 triumphatique
1180 1586 1270 1659 orbis
1290 1582 1368 1657 moni·

244 1723 417 1793 mentum,
454 1702 500 1782 ad
527 1700 603 1775 haec
633 1701 766 1775 ludicra
798 1718 967 1775 revectus.
1019 1704 1072 1775 Ut
1102 1702 1259 1799 primum
1288 1718 1369 1775 cetea

245 1820 416 1897 immenso
448 1836 565 1891 sumtu
597 1818 696 1891 fuere
729 1834 901 1915 apparate,
925 1840 1109 1889 murorum
1142 1818 1252 1896 Urbis
1278 1814 1370 1889 violati

245 1939 433 2037 majestate,
457 1952 510 2008 tot
537 1934 661 2007 abh'mc
683 1933 807 2007 seculis
829 1930 1061 2007 formidolosis
1086 1933 1244 2018 hostibus
1266 1930 1373 2017 intacti,

245 2076 310 2153 per
326 2050 475 2128 dirutam
490 2068 623 2150 partem
640 2049 743 2123 subiit
754 2048 969 2147 triumphalis
985 2074 1135 2149 pompa;
1158 2048 1374 2148 praeeunobus

247 2168 308 2267 qui
341 2173 512 2257 coronas,⁷
548 2166 771 2239 victoriarum
804 2168 907 2256 dona,
945 2164 1171 2265 praeferrent:
1200 2190 1284 2239 mox
1311 2160 1375 2239 recl

248 2284 356 2383 longo
378 2281 500 2358 ordine
526 2282 628 2375 tituli,
653 2284 777 2381 quibus
794 2282 944 2381 inscripti
970 2309 1041 2381 quo
1063 2283 1156 2373 loco,
1182 2308 1254 2382 quo
1281 2277 1377 2354 cantio

247 2424 348 2489 num,
373 2424 488 2496 quove
516 2396 712 2475 fabularum
738 2418 943 2500 argumento
959 2418 1066 2498 psrtae
1083 2398 1257 2480 victorius:
1283 2393 1377 2471 deinde

249 2516 339 2590 inter
365 2514 639 2589 citharoedorum
665 2535 797 2590 turmas
821 2517 890 2591 ibat
915 2515 1066 2616 Augusti
1096 2541 1236 2608 currus,
1271 2513 1379 2609 inquo

247 2631 412 2728 Princeps
429 2649 521 2704 stans
536 2650 629 2706 veste
646 2633 835 2731 purpurei,
847 2633 1006 2710 distincti
1017 2633 1122 2708 stellis
1131 2633 1247 2706 aureis
1256 2633 1379 2724 chlamy·

249 2747 307 2836 de,
332 2746 442 2844 capite
465 2771 631 2822 coronam
656 2749 898 2848 olympiacum,
923 2747 1048 2822 dextri
1071 2747 1233 2848 Pythiam
1254 2747 1381 2851 gerebat,

249 2879 344 2936 retro
372 2878 483 2934 stante
510 2863 546 2936 in
575 2866 699 2938 eodem
726 2893 832 2942 curru
860 2868 1021 2942 Diodoro
1043 2861 1262 2940 citharoedo?
1307 2859 1380 2938 Pori

250 2979 472 3078 sequebatur,
495 2981 672 3057 ovantium
698 2983 781 3076 n'tu,
804 2984 1006 3084 plausorum
1025 3007 1165 3084 agmen,
1191 2989 1218 3026 “
1235 2985 1381 3080 August·

295 3259 303 3285 ¹
328 3261 488 3337 Neapolim.
532 3263 650 3340 Naplss.
859 3269 1015 3346 quadrigis,
1036 3267 1066 3326 ia
1086 3265 1227 3326 maniaci
1248 3265 1276 3324 iu
1294 3261 1381 3342 purus

294 3336 308 3366 ²
327 3342 514 3403 Jrutruabulu.
551 3343 633 3412 Quid
646 3346 674 3404 in
688 3345 722 3405 ed
736 3349 806 3406 urbe
860 3350 1037 3408 inu-eluatur.

254 3420 373 3496 primum
388 3431 476 3479 ortem
487 3426 659 3500 protulerat.
688 3422 806 3486 Sueton.
900 3425 911 3460 ⁵
935 3431 997 3488 Nec
1016 3427 1095 3490 Jori.
1136 3427 1222 3486 Errat
1242 3425 1312 3485 enirn
1332 3423 1381 3481 Dio.

256 3503 286 3557 in
301 3501 370 3558 Nur.
383 3519 464 3560 xxv.
863 3513 1087 3586 nx111.p.723.
1112 3507 1181 3565 edm
1205 3510 1246 3566 uit
1266 3508 1380 3566 Neroneo

297 3575 510 3658 ³Allu'sequs's.
551 3583 640 3660 Quod
653 3583 806 3645 JoriDeo-
863 3591 955 3664 primi)
981 3591 1009 3646 in
1036 3587 1215 3666 Capitolium
1245 3585 1382 3648 ascendisse,

141 3692 144 3696 ·
257 3679 322 3718 rum
343 3662 399 3739 rugi
422 3665 554 3740 patrique
576 3685 700 3725 sucrum.
742 3668 810 3726 Plu·
861 3669 882 3732 is
898 3663 1190 3732 sixaxssdnsm’uidu.
1231 3669 1318 3728 Aliter
1327 3664 1381 3721 coin

258 3741 351 3800 tarch.
366 3743 396 3801 in
411 3745 529 3802 Caruili.
543 3766 572 3824 p.
590 3753 657 3806 132.
864 3752 1017 3808 Suetonius
1031 3751 1059 3806 in
1075 3751 1143 3808 Ner.
1159 3769 1233 3809 xxv.

298 3819 314 3852 ⁴
346 3823 565 3884 Hieronicarura
597 3835 649 3885 cst.
690 3828 808 3888 Sueton.
901 3823 1071 3908 ⁶Augustr'.
1113 3827 1350 3890 Suetonloocit·

258 3904 316 3960 loc.
332 3904 382 3962 cit.
423 3905 469 3962 De
487 3906 543 3964 hoc
558 3926 636 3965 more
651 3907 811 3979 Vitruvius,
904 3907 995 3980 ⁷Qui
1009 3929 1135 3968 coronas.
1178 3913 1258 3983 Quas
1270 3907 1351 3988 postci
1361 3903 1380 3960 it

260 3985 347 4041 ric-in
360 3984 471 4061 praefut.
489 3987 496 3999 ’
513 3987 663 4046 Nobilibus
687 3989 812 4061 athletis,
863 3991 950 4051 Circo
968 4011 1021 4049 suo
1036 3979 1189 4063 Vaticano,
1210 3993 1326 4051 obelisco
1343 3989 1380 4042 in·

260 4065 309 4141 qui
322 4063 462 4142 Olympia,
474 4066 590 4143 Pyrria,
605 4067 737 4138 Isthmia,
752 4069 812 4128 Ne·
863 4073 969 4150 posuit,
999 4089 1116 4130 numero
1138 4074 1218 4130 mille
1237 4071 1380 4145 octiruou

259 4165 320 4202 mea
345 4146 476 4204 uicissent
501 4149 665 4207 Graconrm
690 4153 812 4228 mrrjorm
863 4162 940 4224 octo,
960 4151 1025 4208 issu
1038 4153 1083 4210 sui
1097 4153 1240 4220 isserninus
1254 4153 1297 4210 ui
1310 4147 1379 4224 plu·

260 4225 304 4282 ita
324 4245 438 4304 magnos
459 4228 574 4286 horrores
596 4229 811 4303 constituerunt,
864 4231 933 4305 Dio,
956 4241 1176 4310 ux111.p.723.

256 4305 409 4384 ,uti-cim
422 4317 605 4367 revertuntur
618 4310 725 4369 iasuas
744 4311 812 4370 ciui·
905 4307 917 4343 ⁸
950 4313 1080 4372 Diodoro
1121 4313 1279 4378 citiarudo.
1331 4305 1378 4370 nio,

263 4393 337 4444 tates
360 4406 423 4446 cum
448 4388 581 4464 victorii,
608 4391 812 4472 triumphantes
864 4411 1004 4474 ux111.p,
1018 4400 1086 4461 793.
