<?xml version="1.0" encoding="UTF-8"?>
<!DOCTYPE html PUBLIC "-//W3C//DTD XHTML 1.0 Transitional//EN"
    "http://www.w3.org/TR/xhtml1/DTD/xhtml1-transitional.dtd">
<html xmlns="http://www.w3.org/1999/xhtml" xml:lang="en" lang="en">
 <head>
  <title>
</title>
<meta http-equiv="Content-Type" content="text/html;charset=utf-8" />
  <meta name='ocr-system' content='tesseract 3.04.00' />
  <meta name='ocr-capabilities' content='ocr_page ocr_carea ocr_par ocr_line ocrx_word'/>
</head>
<body>
  <div class='ocr_page' id='page_1' title='image "./ccorntacitioper01valpgoog_0408.png"; bbox 0 0 2859 4950; ppageno 0'>
   <div class='ocr_carea' id='block_1_1' title="bbox 221 216 1373 310">
    <p class='ocr_par' dir='ltr' id='par_1_1' title="bbox 221 216 1373 310">
     <span class='ocr_line' id='line_1_1' title="bbox 221 216 1373 310; baseline 0.012 -37"><span class='ocrx_word' id='word_1_1' title='bbox 221 235 283 310; x_wconf 74' lang='lat'><strong>395</strong></span> <span class='ocrx_word' id='word_1_2' title='bbox 632 216 973 282; x_wconf 82' lang='lat' dir='ltr'><strong>SUPPLEMENTUM</strong></span> <span class='ocrx_word' id='word_1_3' title='bbox 1171 223 1373 295; x_wconf 63' lang='lat' dir='ltr'><strong>nummu.</strong></span> 
     </span>
    </p>
   </div>
   <div class='ocr_carea' id='block_1_2' title="bbox 217 386 1373 609">
    <p class='ocr_par' dir='ltr' id='par_1_2' title="bbox 217 386 1373 609">
     <span class='ocr_line' id='line_1_2' title="bbox 217 386 1373 500; baseline -0.01 -20"><span class='ocrx_word' id='word_1_4' title='bbox 217 408 283 492; x_wconf 87' lang='lat' dir='ltr'><strong>At,</strong></span> <span class='ocrx_word' id='word_1_5' title='bbox 307 396 462 495; x_wconf 90' lang='lat' dir='ltr'><strong>undique</strong></span> <span class='ocrx_word' id='word_1_6' title='bbox 477 387 664 466; x_wconf 75' lang='lat' dir='ltr'><strong>vulneratis</strong></span> <span class='ocrx_word' id='word_1_7' title='bbox 680 386 793 487; x_wconf 88' lang='lat' dir='ltr'><strong>equis,</strong></span> <span class='ocrx_word' id='word_1_8' title='bbox 823 388 983 500; x_wconf 75' lang='lat' dir='ltr'><strong>curribus</strong></span> <span class='ocrx_word' id='word_1_9' title='bbox 999 389 1155 481; x_wconf 83' lang='lat' dir='ltr'><strong>excussi,</strong></span> <span class='ocrx_word' id='word_1_10' title='bbox 1186 392 1373 495; x_wconf 87' lang='lat' dir='ltr'><strong>obtritique,</strong></span> 
     </span>
     <span class='ocr_line' id='line_1_3' title="bbox 217 505 873 609; baseline -0.029 -13"><span class='ocrx_word' id='word_1_11' title='bbox 217 515 330 595; x_wconf 74' lang='lat' dir='ltr'><strong>multi</strong></span> <span class='ocrx_word' id='word_1_12' title='bbox 346 538 430 589; x_wconf 89' lang='lat' dir='ltr'><strong>cum</strong></span> <span class='ocrx_word' id='word_1_13' title='bbox 441 528 556 609; x_wconf 80' lang='lat' dir='ltr'>strage</span> <span class='ocrx_word' id='word_1_14' title='bbox 567 505 668 581; x_wconf 89' lang='lat' dir='ltr'><strong>inulti</strong></span> <span class='ocrx_word' id='word_1_15' title='bbox 685 512 873 604; x_wconf 88' lang='lat' dir='ltr'><strong>pereunt.¹·</strong></span> 
     </span>
    </p>
   </div>
   <div class='ocr_carea' id='block_1_3' title="bbox 217 742 1376 2013">
    <p class='ocr_par' dir='ltr' id='par_1_3' title="bbox 217 742 1376 2013">
     <span class='ocr_line' id='line_1_4' title="bbox 267 742 1371 843; baseline -0.004 -20"><span class='ocrx_word' id='word_1_16' title='bbox 267 760 329 824; x_wconf 79' lang='lat'><strong>54.</strong></span> <span class='ocrx_word' id='word_1_17' title='bbox 355 747 540 820; x_wconf 71' lang='lat' dir='ltr'><strong>lurum</strong></span> <span class='ocrx_word' id='word_1_18' title='bbox 575 743 629 816; x_wconf 89' lang='lat' dir='ltr'><strong>Fl.</strong></span> <span class='ocrx_word' id='word_1_19' title='bbox 665 743 904 841; x_wconf 82' lang='lat' dir='ltr'><strong>Vespasianus,</strong></span> <span class='ocrx_word' id='word_1_20' title='bbox 963 742 1008 817; x_wconf 78' lang='lat' dir='ltr'><strong>ad</strong></span> <span class='ocrx_word' id='word_1_21' title='bbox 1049 766 1197 817; x_wconf 86' lang='lat' dir='ltr'><strong>summa</strong></span> <span class='ocrx_word' id='word_1_22' title='bbox 1240 744 1371 843; x_wconf 85' lang='lat' dir='ltr'><strong>genitus,</strong></span> 
     </span>
     <span class='ocr_line' id='line_1_5' title="bbox 217 860 1374 971; baseline -0.01 -26"><span class='ocrx_word' id='word_1_23' title='bbox 217 871 362 971; x_wconf 85' lang='lat' dir='ltr'><strong>ejusque</strong></span> <span class='ocrx_word' id='word_1_24' title='bbox 378 860 486 937; x_wconf 66' lang='lat' dir='ltr'><strong>freter</strong></span> <span class='ocrx_word' id='word_1_25' title='bbox 500 861 676 949; x_wconf 82' lang='lat' dir='ltr'><strong>Sabinus,²</strong></span> <span class='ocrx_word' id='word_1_26' title='bbox 685 861 831 961; x_wconf 86' lang='lat' dir='ltr'><strong>legatus,</strong></span> <span class='ocrx_word' id='word_1_27' title='bbox 848 884 987 935; x_wconf 91' lang='lat' dir='ltr'><strong>amnem</strong></span> <span class='ocrx_word' id='word_1_28' title='bbox 996 864 1222 963; x_wconf 70' lang='lat' dir='ltr'><strong>trejecemrtt.</strong></span> <span class='ocrx_word' id='word_1_29' title='bbox 1250 863 1374 951; x_wconf 80' lang='lat' dir='ltr'><strong>Hostes,</strong></span> 
     </span>
     <span class='ocr_line' id='line_1_6' title="bbox 220 964 1375 1077; baseline -0.01 -15"><span class='ocrx_word' id='word_1_30' title='bbox 220 984 431 1062; x_wconf 77' lang='lat' dir='ltr'><strong>Gallorum3</strong></span> <span class='ocrx_word' id='word_1_31' title='bbox 460 979 657 1077; x_wconf 85' lang='lat' dir='ltr'>inruptione</span> <span class='ocrx_word' id='word_1_32' title='bbox 673 996 709 1053; x_wconf 89' lang='lat' dir='ltr'><strong>et</strong></span> <span class='ocrx_word' id='word_1_33' title='bbox 725 1004 871 1053; x_wconf 87' lang='lat' dir='ltr'><strong>suorum</strong></span> <span class='ocrx_word' id='word_1_34' title='bbox 883 981 979 1053; x_wconf 90' lang='lat' dir='ltr'><strong>luctu</strong></span> <span class='ocrx_word' id='word_1_35' title='bbox 1004 964 1180 1067; x_wconf 87' lang='lat' dir='ltr'><strong>turbidos,</strong></span> <span class='ocrx_word' id='word_1_36' title='bbox 1214 976 1375 1075; x_wconf 77' lang='lat' dir='ltr'><strong>inopinati</strong></span> 
     </span>
     <span class='ocr_line' id='line_1_7' title="bbox 217 1094 1374 1197; baseline -0.009 -22"><span class='ocrx_word' id='word_1_37' title='bbox 217 1100 345 1189; x_wconf 81' lang='lat' dir='ltr'><strong>adorti,</strong></span> <span class='ocrx_word' id='word_1_38' title='bbox 354 1097 525 1197; x_wconf 83' lang='lat' dir='ltr'><strong>plurimos</strong></span> <span class='ocrx_word' id='word_1_39' title='bbox 539 1094 755 1171; x_wconf 83' lang='lat' dir='ltr'><strong>interfecere.</strong></span> <span class='ocrx_word' id='word_1_40' title='bbox 808 1094 890 1193; x_wconf 74' lang='lat' dir='ltr'><strong>Qui</strong></span> <span class='ocrx_word' id='word_1_41' title='bbox 903 1096 1001 1169; x_wconf 80' lang='lat' dir='ltr'><strong>clade</strong></span> <span class='ocrx_word' id='word_1_42' title='bbox 1018 1117 1090 1167; x_wconf 87' lang='lat' dir='ltr'><strong>non</strong></span> <span class='ocrx_word' id='word_1_43' title='bbox 1103 1094 1252 1195; x_wconf 88' lang='lat' dir='ltr'><strong>dejecti,</strong></span> <span class='ocrx_word' id='word_1_44' title='bbox 1269 1095 1374 1166; x_wconf 81' lang='lat' dir='ltr'><strong>inritati</strong></span> 
     </span>
     <span class='ocr_line' id='line_1_8' title="bbox 218 1208 1375 1317; baseline -0.006 -27"><span class='ocrx_word' id='word_1_45' title='bbox 218 1216 331 1317; x_wconf 83' lang='lat' dir='ltr'><strong>magis</strong></span> <span class='ocrx_word' id='word_1_46' title='bbox 359 1212 531 1303; x_wconf 70' lang='lat' dir='ltr'><strong>urimini,</strong></span> <span class='ocrx_word' id='word_1_47' title='bbox 554 1229 742 1311; x_wconf 86' lang='lat' dir='ltr'><strong>sumtoque</strong></span> <span class='ocrx_word' id='word_1_48' title='bbox 764 1240 810 1287; x_wconf 83' lang='lat' dir='ltr'><strong>ex</strong></span> <span class='ocrx_word' id='word_1_49' title='bbox 842 1212 962 1287; x_wconf 90' lang='lat' dir='ltr'><strong>furore</strong></span> <span class='ocrx_word' id='word_1_50' title='bbox 995 1210 1157 1302; x_wconf 83' lang='lat' dir='ltr'><strong>consilio,</strong></span> <span class='ocrx_word' id='word_1_51' title='bbox 1196 1208 1375 1309; x_wconf 84' lang='lat' dir='ltr'><strong>patiemim</strong></span> 
     </span>
     <span class='ocr_line' id='line_1_9' title="bbox 219 1328 1375 1429; baseline -0.007 -23"><span class='ocrx_word' id='word_1_52' title='bbox 219 1332 391 1419; x_wconf 85' lang='lat' dir='ltr'><strong>incusant,</strong></span> <span class='ocrx_word' id='word_1_53' title='bbox 407 1355 515 1427; x_wconf 89' lang='lat' dir='ltr'><strong>seque</strong></span> <span class='ocrx_word' id='word_1_54' title='bbox 530 1329 576 1403; x_wconf 86' lang='lat' dir='ltr'><strong>ad</strong></span> <span class='ocrx_word' id='word_1_55' title='bbox 591 1328 753 1427; x_wconf 82' lang='lat' dir='ltr'><strong>praelium</strong></span> <span class='ocrx_word' id='word_1_56' title='bbox 769 1330 969 1429; x_wconf 86' lang='lat' dir='ltr'><strong>accingunt:</strong></span> <span class='ocrx_word' id='word_1_57' title='bbox 994 1353 1059 1402; x_wconf 90' lang='lat' dir='ltr'><strong>nec</strong></span> <span class='ocrx_word' id='word_1_58' title='bbox 1076 1329 1143 1402; x_wconf 89' lang='lat' dir='ltr'><strong>nisi</strong></span> <span class='ocrx_word' id='word_1_59' title='bbox 1158 1328 1198 1400; x_wconf 90' lang='lat' dir='ltr'><strong>in</strong></span> <span class='ocrx_word' id='word_1_60' title='bbox 1216 1344 1375 1425; x_wconf 85' lang='lat' dir='ltr'><strong>posterum</strong></span> 
     </span>
     <span class='ocr_line' id='line_1_10' title="bbox 220 1446 1375 1545; baseline -0.007 -22"><span class='ocrx_word' id='word_1_61' title='bbox 220 1448 314 1523; x_wconf 87' lang='lat' dir='ltr'><strong>diem</strong></span> <span class='ocrx_word' id='word_1_62' title='bbox 347 1446 518 1521; x_wconf 89' lang='lat' dir='ltr'><strong>differtur.</strong></span> <span class='ocrx_word' id='word_1_63' title='bbox 579 1446 758 1545; x_wconf 87' lang='lat' dir='ltr'><strong>Utrinque</strong></span> <span class='ocrx_word' id='word_1_64' title='bbox 790 1446 957 1520; x_wconf 74' lang='lat' dir='ltr'><strong>acerrimi:</strong></span> <span class='ocrx_word' id='word_1_65' title='bbox 992 1462 1215 1545; x_wconf 85' lang='lat' dir='ltr'><strong>pugnatum:</strong></span> <span class='ocrx_word' id='word_1_66' title='bbox 1255 1447 1375 1515; x_wconf 82' lang='lat' dir='ltr'><strong>nutabat</strong></span> 
     </span>
     <span class='ocr_line' id='line_1_11' title="bbox 220 1560 1374 1662; baseline -0.006 -23"><span class='ocrx_word' id='word_1_67' title='bbox 220 1562 386 1654; x_wconf 55' lang='lat' dir='ltr'><strong>victorin</strong></span> <span class='ocrx_word' id='word_1_68' title='bbox 409 1566 555 1662; x_wconf 85' lang='lat' dir='ltr'><strong>jamque</strong></span> <span class='ocrx_word' id='word_1_69' title='bbox 569 1563 687 1638; x_wconf 88' lang='lat' dir='ltr'><strong>hostes</strong></span> <span class='ocrx_word' id='word_1_70' title='bbox 702 1564 890 1638; x_wconf 88' lang='lat' dir='ltr'><strong>Hosidium</strong></span> <span class='ocrx_word' id='word_1_71' title='bbox 908 1566 1062 1636; x_wconf 76' lang='lat' dir='ltr'><strong>Getam*</strong></span> <span class='ocrx_word' id='word_1_72' title='bbox 1078 1560 1374 1647; x_wconf 75' lang='lat' dir='ltr'><strong>circumsistebant,</strong></span> 
     </span>
     <span class='ocr_line' id='line_1_12' title="bbox 219 1678 1376 1777; baseline -0.01 -20"><span class='ocrx_word' id='word_1_73' title='bbox 219 1681 310 1757; x_wconf 69' lang='lat' dir='ltr'><strong>etim</strong></span> <span class='ocrx_word' id='word_1_74' title='bbox 333 1678 488 1777; x_wconf 83' lang='lat' dir='ltr'><strong>pericula</strong></span> <span class='ocrx_word' id='word_1_75' title='bbox 514 1678 552 1753; x_wconf 91' lang='lat' dir='ltr'><strong>in</strong></span> <span class='ocrx_word' id='word_1_76' title='bbox 577 1704 703 1753; x_wconf 87' lang='lat' dir='ltr'><strong>eorum</strong></span> <span class='ocrx_word' id='word_1_77' title='bbox 729 1680 874 1755; x_wconf 84' lang='lat' dir='ltr'><strong>exitium</strong></span> <span class='ocrx_word' id='word_1_78' title='bbox 896 1680 926 1753; x_wconf 91' lang='lat' dir='ltr'><strong>is</strong></span> <span class='ocrx_word' id='word_1_79' title='bbox 954 1679 1139 1769; x_wconf 85' lang='lat' dir='ltr'><strong>convertit,</strong></span> <span class='ocrx_word' id='word_1_80' title='bbox 1168 1702 1304 1776; x_wconf 90' lang='lat' dir='ltr'><strong>eosque</strong></span> <span class='ocrx_word' id='word_1_81' title='bbox 1322 1692 1376 1746; x_wconf 83' lang='lat' dir='ltr'><strong>taut</strong></span> 
     </span>
     <span class='ocr_line' id='line_1_13' title="bbox 219 1793 1375 1893; baseline -0.006 -21"><span class='ocrx_word' id='word_1_82' title='bbox 219 1796 357 1872; x_wconf 80' lang='lat' dir='ltr'><strong>fortiter</strong></span> <span class='ocrx_word' id='word_1_83' title='bbox 372 1794 559 1893; x_wconf 75' lang='lat' dir='ltr'><strong>superavit,</strong></span> <span class='ocrx_word' id='word_1_84' title='bbox 576 1812 628 1884; x_wconf 91' lang='lat' dir='ltr'><strong>ut,</strong></span> <span class='ocrx_word' id='word_1_85' title='bbox 639 1795 889 1873; x_wconf 70' lang='lat' dir='ltr'><strong>licetnondum</strong></span> <span class='ocrx_word' id='word_1_86' title='bbox 905 1798 1027 1875; x_wconf 76' lang='lat' dir='ltr'><strong>consul</strong></span> <span class='ocrx_word' id='word_1_87' title='bbox 1038 1794 1176 1888; x_wconf 88' lang='lat' dir='ltr'><strong>fuisset,</strong></span> <span class='ocrx_word' id='word_1_88' title='bbox 1206 1793 1375 1892; x_wconf 79' lang='lat' dir='ltr'><strong>triumpha·</strong></span> 
     </span>
     <span class='ocr_line' id='line_1_14' title="bbox 222 1906 982 2013; baseline -0.009 -25"><span class='ocrx_word' id='word_1_89' title='bbox 222 1910 665 2013; x_wconf 65' lang='grc' dir='ltr'><strong>111111131ιί1011111111ῐί1.ς</strong></span> <span class='ocrx_word' id='word_1_90' title='bbox 981 1906 982 1909; x_wconf 63' lang='grc'>’</span> 
     </span>
    </p>
   </div>
   <div class='ocr_carea' id='block_1_4' title="bbox 223 2098 1377 2479">
    <p class='ocr_par' dir='ltr' id='par_1_4' title="bbox 223 2098 1377 2495">
     <span class='ocr_line' id='line_1_15' title="bbox 272 2098 1376 2239; baseline -0.006 -18"><span class='ocrx_word' id='word_1_91' title='bbox 272 2156 336 2221; x_wconf 82' lang='grc'><strong>55.</strong></span> <span class='ocrx_word' id='word_1_92' title='bbox 361 2146 623 2232; x_wconf 70' lang='lat' dir='ltr'><strong>insumemus</strong></span> <span class='ocrx_word' id='word_1_93' title='bbox 641 2140 771 2217; x_wconf 77' lang='lat' dir='ltr'><strong>tentati</strong></span> <span class='ocrx_word' id='word_1_94' title='bbox 795 2126 1006 2239; x_wconf 85' lang='lat' dir='ltr'><strong>iortitudine,</strong></span> <span class='ocrx_word' id='word_1_95' title='bbox 1023 2098 1025 2105; x_wconf 62' lang='lat'>›</span> <span class='ocrx_word' id='word_1_96' title='bbox 1043 2146 1208 2221; x_wconf 76' lang='lat' dir='ltr'><strong>Britanni</strong></span> <span class='ocrx_word' id='word_1_97' title='bbox 1222 2120 1279 2220; x_wconf 28' lang='lat' dir='ltr'><strong>&#39;ad</strong></span> <span class='ocrx_word' id='word_1_98' title='bbox 1306 2160 1376 2217; x_wconf 75' lang='lat' dir='ltr'><strong>arte</strong></span> 
     </span>
     <span class='ocr_line' id='line_1_16' title="bbox 223 2258 1377 2363; baseline -0.023 -21"><span class='ocrx_word' id='word_1_99' title='bbox 223 2261 401 2363; x_wconf 52' lang='lat' dir='ltr'>refugere·</span> <span class='ocrx_word' id='word_1_100' title='bbox 452 2261 645 2358; x_wconf 76' lang='lat' dir='ltr'><strong>Propemt</strong></span> <span class='ocrx_word' id='word_1_101' title='bbox 670 2260 716 2333; x_wconf 69' lang='lat' dir='ltr'><strong>ad</strong></span> <span class='ocrx_word' id='word_1_102' title='bbox 745 2262 915 2348; x_wconf 71' lang='lat' dir='ltr'><strong>Tamesis,</strong></span> <span class='ocrx_word' id='word_1_103' title='bbox 940 2281 1027 2337; x_wconf 78' lang='lat' dir='ltr'><strong>aestu</strong></span> <span class='ocrx_word' id='word_1_104' title='bbox 1056 2264 1313 2339; x_wconf 77' lang='lat' dir='ltr'><strong>intumescente</strong></span> <span class='ocrx_word' id='word_1_105' title='bbox 1334 2258 1377 2331; x_wconf 78' lang='lat' dir='ltr'><strong>ad.</strong></span> 
     </span>
     <span class='ocr_line' id='line_1_17' title="bbox 225 2374 1376 2479; baseline -0.01 -22"><span class='ocrx_word' id='word_1_106' title='bbox 225 2379 420 2471; x_wconf 84' lang='lat' dir='ltr'><strong>crescentis,</strong></span> <span class='ocrx_word' id='word_1_107' title='bbox 452 2377 549 2469; x_wconf 82' lang='lat' dir='ltr'><strong>ostia,</strong></span> <span class='ocrx_word' id='word_1_108' title='bbox 575 2376 692 2479; x_wconf 83' lang='lat' dir='ltr'><strong>gnaris</strong></span> <span class='ocrx_word' id='word_1_109' title='bbox 725 2378 886 2451; x_wconf 88' lang='lat' dir='ltr'><strong>locorum</strong></span> <span class='ocrx_word' id='word_1_110' title='bbox 917 2392 1004 2467; x_wconf 87' lang='lat' dir='ltr'><strong>tuta,</strong></span> <span class='ocrx_word' id='word_1_111' title='bbox 1028 2379 1159 2478; x_wconf 76' lang='lat' dir='ltr'><strong>ignaris</strong></span> <span class='ocrx_word' id='word_1_112' title='bbox 1185 2380 1306 2467; x_wconf 81' lang='lat' dir='ltr'><strong>infida,</strong></span> <span class='ocrx_word' id='word_1_113' title='bbox 1329 2374 1376 2447; x_wconf 89' lang='lat' dir='ltr'><strong>flu·</strong></span> 
     </span>
    </p>
   </div>
   <div class='ocr_carea' id='block_1_5' title="bbox 226 2489 1376 3186">
    <p class='ocr_par' dir='ltr' id='par_1_5' title="bbox 226 2489 1376 3186">
     <span class='ocr_line' id='line_1_18' title="bbox 226 2489 1376 2597; baseline -0.01 -24"><span class='ocrx_word' id='word_1_114' title='bbox 226 2521 380 2597; x_wconf 89' lang='lat' dir='ltr'><strong>menque</strong></span> <span class='ocrx_word' id='word_1_115' title='bbox 396 2495 579 2596; x_wconf 64' lang='lat' dir='ltr'><strong>trajiciunt.</strong></span> <span class='ocrx_word' id='word_1_116' title='bbox 633 2493 800 2585; x_wconf 81' lang='lat' dir='ltr'><strong>Romani,</strong></span> <span class='ocrx_word' id='word_1_117' title='bbox 818 2519 878 2568; x_wconf 89' lang='lat' dir='ltr'><strong>eos</strong></span> <span class='ocrx_word' id='word_1_118' title='bbox 894 2495 1067 2591; x_wconf 88' lang='lat' dir='ltr'><strong>prosecuti</strong></span> <span class='ocrx_word' id='word_1_119' title='bbox 1092 2494 1284 2584; x_wconf 75' lang='lat' dir='ltr'><strong>meautius,</strong></span> <span class='ocrx_word' id='word_1_120' title='bbox 1307 2489 1376 2590; x_wconf 84' lang='lat' dir='ltr'><strong>peri·</strong></span> 
     </span>
     <span class='ocr_line' id='line_1_19' title="bbox 226 2611 1376 2703; baseline -0.009 -11"><span class='ocrx_word' id='word_1_121' title='bbox 226 2614 343 2692; x_wconf 84' lang='lat' dir='ltr'><strong>clitati.</strong></span> <span class='ocrx_word' id='word_1_122' title='bbox 394 2618 447 2687; x_wconf 86' lang='lat' dir='ltr'><strong>At</strong></span> <span class='ocrx_word' id='word_1_123' title='bbox 469 2612 579 2702; x_wconf 81' lang='lat' dir='ltr'><strong>Galli,</strong></span> <span class='ocrx_word' id='word_1_124' title='bbox 608 2614 655 2686; x_wconf 94' lang='lat' dir='ltr'><strong>ob</strong></span> <span class='ocrx_word' id='word_1_125' title='bbox 672 2612 723 2686; x_wconf 91' lang='lat' dir='ltr'><strong>rei</strong></span> <span class='ocrx_word' id='word_1_126' title='bbox 740 2612 976 2686; x_wconf 85' lang='lat' dir='ltr'><strong>difficultatem</strong></span> <span class='ocrx_word' id='word_1_127' title='bbox 1002 2611 1221 2703; x_wconf 82' lang='lat' dir='ltr'>audaciores,</span> <span class='ocrx_word' id='word_1_128' title='bbox 1247 2623 1376 2694; x_wconf 76' lang='lat' dir='ltr'><strong>enatant,</strong></span> 
     </span>
     <span class='ocr_line' id='line_1_20' title="bbox 227 2719 1375 2831; baseline -0.005 -25"><span class='ocrx_word' id='word_1_129' title='bbox 227 2732 316 2806; x_wconf 90' lang='lat' dir='ltr'><strong>dum</strong></span> <span class='ocrx_word' id='word_1_130' title='bbox 331 2727 401 2821; x_wconf 81' lang='lat' dir='ltr'><strong>alii,</strong></span> <span class='ocrx_word' id='word_1_131' title='bbox 426 2753 532 2827; x_wconf 86' lang='lat' dir='ltr'><strong>supra</strong></span> <span class='ocrx_word' id='word_1_132' title='bbox 548 2753 631 2804; x_wconf 89' lang='lat' dir='ltr'><strong>eum</strong></span> <span class='ocrx_word' id='word_1_133' title='bbox 647 2729 766 2805; x_wconf 91' lang='lat' dir='ltr'><strong>locum</strong></span> <span class='ocrx_word' id='word_1_134' title='bbox 786 2757 850 2830; x_wconf 89' lang='lat' dir='ltr'><strong>per</strong></span> <span class='ocrx_word' id='word_1_135' title='bbox 875 2747 1019 2828; x_wconf 88' lang='lat' dir='ltr'><strong>pontem</strong></span> <span class='ocrx_word' id='word_1_136' title='bbox 1047 2725 1268 2831; x_wconf 79' lang='lat' dir='ltr'><strong>transgressi,</strong></span> <span class='ocrx_word' id='word_1_137' title='bbox 1292 2719 1375 2800; x_wconf 85' lang='lat' dir='ltr'><strong>simul</strong></span> 
     </span>
     <span class='ocr_line' id='line_1_21' title="bbox 228 2846 1375 2948; baseline -0.005 -26"><span class='ocrx_word' id='word_1_138' title='bbox 228 2847 415 2922; x_wconf 82' lang='lat' dir='ltr'><strong>Britannos</strong></span> <span class='ocrx_word' id='word_1_139' title='bbox 463 2846 683 2938; x_wconf 83' lang='lat' dir='ltr'><strong>adoriuntur,</strong></span> <span class='ocrx_word' id='word_1_140' title='bbox 729 2865 764 2921; x_wconf 90' lang='lat' dir='ltr'><strong>et</strong></span> <span class='ocrx_word' id='word_1_141' title='bbox 805 2846 987 2948; x_wconf 89' lang='lat' dir='ltr'>multiplici</span> <span class='ocrx_word' id='word_1_142' title='bbox 1030 2872 1162 2947; x_wconf 75' lang='lat' dir='ltr'><strong>pugnae</strong></span> <span class='ocrx_word' id='word_1_143' title='bbox 1209 2846 1375 2942; x_wconf 81' lang='lat' dir='ltr'><strong>imparatos</strong></span> 
     </span>
     <span class='ocr_line' id='line_1_22' title="bbox 228 2960 1372 3064; baseline -0.009 -26"><span class='ocrx_word' id='word_1_144' title='bbox 228 2963 362 3064; x_wconf 85' lang='lat' dir='ltr'><strong>ingenti</strong></span> <span class='ocrx_word' id='word_1_145' title='bbox 396 2963 495 3038; x_wconf 85' lang='lat' dir='ltr'><strong>clade</strong></span> <span class='ocrx_word' id='word_1_146' title='bbox 520 2979 756 3063; x_wconf 87' lang='lat' dir='ltr'><strong>prosternunt.</strong></span> <span class='ocrx_word' id='word_1_147' title='bbox 807 2964 1035 3038; x_wconf 79' lang='lat' dir='ltr'><strong>Laetissimem</strong></span> <span class='ocrx_word' id='word_1_148' title='bbox 1060 2963 1244 3038; x_wconf 75' lang='lat' dir='ltr'><strong>victoriam</strong></span> <span class='ocrx_word' id='word_1_149' title='bbox 1277 2960 1372 3032; x_wconf 84' lang='lat' dir='ltr'><strong>luctus</strong></span> 
     </span>
     <span class='ocr_line' id='line_1_23' title="bbox 231 3080 1373 3186; baseline -0.008 -31"><span class='ocrx_word' id='word_1_150' title='bbox 231 3080 423 3180; x_wconf 83' lang='lat' dir='ltr'><strong>occupavit.</strong></span> <span class='ocrx_word' id='word_1_151' title='bbox 474 3080 653 3182; x_wconf 84' lang='lat' dir='ltr'><strong>Fugitivos</strong></span> <span class='ocrx_word' id='word_1_152' title='bbox 667 3081 762 3156; x_wconf 90' lang='lat' dir='ltr'><strong>enim</strong></span> <span class='ocrx_word' id='word_1_153' title='bbox 788 3081 875 3186; x_wconf 87' lang='lat' dir='ltr'><strong>dum</strong></span> <span class='ocrx_word' id='word_1_154' title='bbox 897 3080 960 3178; x_wconf 89' lang='lat' dir='ltr'><strong>ipsi</strong></span> <span class='ocrx_word' id='word_1_155' title='bbox 988 3081 1225 3156; x_wconf 78' lang='lat' dir='ltr'><strong>inconsultius</strong></span> <span class='ocrx_word' id='word_1_156' title='bbox 1253 3092 1373 3176; x_wconf 83' lang='lat' dir='ltr'><strong>quoque</strong></span> 
     </span>
    </p>
   </div>
   <div class='ocr_carea' id='block_1_6' title="bbox 236 3476 1369 3965">
    <p class='ocr_par' dir='ltr' id='par_1_6' title="bbox 236 3476 1369 3717">
     <span class='ocr_line' id='line_1_24' title="bbox 237 3476 1369 3560; baseline -0.016 -22"><span class='ocrx_word' id='word_1_157' title='bbox 237 3499 351 3551; x_wconf 90' lang='lat' dir='ltr'><strong>norum,</strong></span> <span class='ocrx_word' id='word_1_158' title='bbox 364 3480 400 3538; x_wconf 89' lang='lat' dir='ltr'><strong>de</strong></span> <span class='ocrx_word' id='word_1_159' title='bbox 414 3482 520 3560; x_wconf 90' lang='lat' dir='ltr'><strong>quibus</strong></span> <span class='ocrx_word' id='word_1_160' title='bbox 529 3482 593 3558; x_wconf 85' lang='lat' dir='ltr'><strong>jam</strong></span> <span class='ocrx_word' id='word_1_161' title='bbox 608 3481 722 3541; x_wconf 88' lang='lat' dir='ltr'><strong>dictum</strong></span> <span class='ocrx_word' id='word_1_162' title='bbox 741 3503 790 3543; x_wconf 89' lang='lat' dir='ltr'><strong>su·</strong></span> <span class='ocrx_word' id='word_1_163' title='bbox 884 3477 897 3513; x_wconf 80' lang='lat'>³</span> <span class='ocrx_word' id='word_1_164' title='bbox 911 3482 1071 3541; x_wconf 81' lang='lat' dir='ltr'><em>Gallorum.</em></span> <span class='ocrx_word' id='word_1_165' title='bbox 1092 3479 1154 3550; x_wconf 88' lang='lat' dir='ltr'><strong>Qui</strong></span> <span class='ocrx_word' id='word_1_166' title='bbox 1168 3493 1279 3536; x_wconf 82' lang='lat' dir='ltr'><strong>amnem</strong></span> <span class='ocrx_word' id='word_1_167' title='bbox 1297 3476 1369 3526; x_wconf 75' lang='lat' dir='ltr'><strong>tunt·</strong></span> 
     </span>
     <span class='ocr_line' id='line_1_25' title="bbox 236 3559 1369 3640; baseline -0.031 0"><span class='ocrx_word' id='word_1_168' title='bbox 236 3581 291 3640; x_wconf 58' lang='grc' dir='ltr'><strong>ΡΝ</strong></span> <span class='ocrx_word' id='word_1_169' title='bbox 301 3559 331 3620; x_wconf 68' lang='grc' dir='ltr'><strong>Ῐῐῐ</strong></span> <span class='ocrx_word' id='word_1_170' title='bbox 340 3560 413 3620; x_wconf 57' lang='lat' dir='ltr'><strong>Viti</strong></span> <span class='ocrx_word' id='word_1_171' title='bbox 425 3563 580 3640; x_wconf 72' lang='lat' dir='ltr'><strong>Agricolae,</strong></span> <span class='ocrx_word' id='word_1_172' title='bbox 589 3582 695 3622; x_wconf 81' lang='lat' dir='ltr'>xxxv.</span> <span class='ocrx_word' id='word_1_173' title='bbox 845 3575 961 3634; x_wconf 76' lang='lat' dir='ltr'><strong>veruut3</strong></span> <span class='ocrx_word' id='word_1_174' title='bbox 982 3571 1017 3621; x_wconf 90' lang='lat' dir='ltr'><strong>ut</strong></span> <span class='ocrx_word' id='word_1_175' title='bbox 1030 3561 1118 3620; x_wconf 78' lang='lat' dir='ltr'><strong>modd</strong></span> <span class='ocrx_word' id='word_1_176' title='bbox 1129 3561 1241 3620; x_wconf 91' lang='lat' dir='ltr'><strong>dictum</strong></span> <span class='ocrx_word' id='word_1_177' title='bbox 1250 3559 1369 3634; x_wconf 69' lang='lat' dir='ltr'><strong>estsupta·</strong></span> 
     </span>
     <span class='ocr_line' id='line_1_26' title="bbox 886 3629 1368 3717; baseline -0.025 -12"><span class='ocrx_word' id='word_1_178' title='bbox 886 3643 1185 3704; x_wconf 73' lang='lat' dir='ltr'><strong>*HosidiumGetum</strong></span> <span class='ocrx_word' id='word_1_179' title='bbox 1221 3639 1309 3706; x_wconf 87' lang='lat' dir='ltr'><strong>Quem</strong></span> <span class='ocrx_word' id='word_1_180' title='bbox 1318 3629 1368 3717; x_wconf 56' lang='lat'><strong>12¹⁰,</strong></span> 
     </span>
    </p>

    <p class='ocr_par' dir='ltr' id='par_1_7' title="bbox 280 3709 1368 3804">
     <span class='ocr_line' id='line_1_27' title="bbox 280 3709 1368 3804; baseline -0.017 -20"><span class='ocrx_word' id='word_1_181' title='bbox 280 3721 446 3784; x_wconf 68' lang='lat' dir='ltr'><strong>&#39;pereum</strong></span> <span class='ocrx_word' id='word_1_182' title='bbox 488 3721 558 3795; x_wconf 89' lang='lat' dir='ltr'><strong>Dio,</strong></span> <span class='ocrx_word' id='word_1_183' title='bbox 570 3725 629 3784; x_wconf 92' lang='lat' dir='ltr'><strong>loc.</strong></span> <span class='ocrx_word' id='word_1_184' title='bbox 643 3726 694 3786; x_wconf 87' lang='lat' dir='ltr'><strong>cit.</strong></span> <span class='ocrx_word' id='word_1_185' title='bbox 845 3727 902 3785; x_wconf 91' lang='lat' dir='ltr'><strong>loc.</strong></span> <span class='ocrx_word' id='word_1_186' title='bbox 924 3728 976 3787; x_wconf 80' lang='lat' dir='ltr'><strong>cil.</strong></span> <span class='ocrx_word' id='word_1_187' title='bbox 1002 3723 1131 3804; x_wconf 81' lang='lat' dir='ltr'><strong>appellat</strong></span> <span class='ocrx_word' id='word_1_188' title='bbox 1162 3725 1217 3782; x_wconf 89' lang='lat' dir='ltr'><strong>Cn.</strong></span> <span class='ocrx_word' id='word_1_189' title='bbox 1241 3709 1368 3774; x_wconf 80' lang='lat' dir='ltr'><strong>Hosidtum</strong></span> 
     </span>
    </p>

    <p class='ocr_par' dir='ltr' id='par_1_8' title="bbox 239 3801 1368 3965">
     <span class='ocr_line' id='line_1_28' title="bbox 277 3801 1368 3884; baseline -0.014 -11"><span class='ocrx_word' id='word_1_190' title='bbox 277 3801 292 3829; x_wconf 81' lang='lat'>²</span> <span class='ocrx_word' id='word_1_191' title='bbox 306 3802 411 3864; x_wconf 64' lang='lat' dir='ltr'><strong>Frater</strong></span> <span class='ocrx_word' id='word_1_192' title='bbox 431 3803 561 3870; x_wconf 66' lang='lat' dir='ltr'><strong>Sabinu-t·</strong></span> <span class='ocrx_word' id='word_1_193' title='bbox 616 3809 686 3880; x_wconf 84' lang='lat' dir='ltr'><strong>Dio,</strong></span> <span class='ocrx_word' id='word_1_194' title='bbox 715 3808 785 3866; x_wconf 84' lang='lat' dir='ltr'><strong>ibid.</strong></span> <span class='ocrx_word' id='word_1_195' title='bbox 845 3809 962 3868; x_wconf 85' lang='lat' dir='ltr'><strong>Getam.</strong></span> <span class='ocrx_word' id='word_1_196' title='bbox 987 3807 1055 3868; x_wconf 83' lang='lat' dir='ltr'><strong>Jnm</strong></span> <span class='ocrx_word' id='word_1_197' title='bbox 1077 3806 1200 3864; x_wconf 87' lang='lat' dir='ltr'><strong>vidimus</strong></span> <span class='ocrx_word' id='word_1_198' title='bbox 1220 3814 1302 3884; x_wconf 52' lang='lat' dir='ltr'><strong>supr?</strong></span> <span class='ocrx_word' id='word_1_199' title='bbox 1320 3803 1368 3873; x_wconf 32' lang='lat' dir='ltr'>cup..</span> 
     </span>
     <span class='ocr_line' id='line_1_29' title="bbox 239 3880 1364 3965; baseline -0.014 -20"><span class='ocrx_word' id='word_1_200' title='bbox 239 3886 356 3946; x_wconf 75' lang='lat' dir='ltr'><strong>Flavius</strong></span> <span class='ocrx_word' id='word_1_201' title='bbox 372 3886 496 3945; x_wconf 85' lang='lat' dir='ltr'><strong>Sabinus</strong></span> <span class='ocrx_word' id='word_1_202' title='bbox 507 3883 594 3946; x_wconf 78' lang='lat' dir='ltr'><strong>fritter</strong></span> <span class='ocrx_word' id='word_1_203' title='bbox 606 3901 668 3948; x_wconf 80' lang='lat' dir='ltr'><strong>erut</strong></span> <span class='ocrx_word' id='word_1_204' title='bbox 680 3891 791 3965; x_wconf 78' lang='lat' dir='ltr'><strong>Vespa·</strong></span> <span class='ocrx_word' id='word_1_205' title='bbox 845 3895 894 3958; x_wconf 76' lang='lat'><strong>29.</strong></span> <span class='ocrx_word' id='word_1_206' title='bbox 911 3888 1067 3948; x_wconf 78' lang='lat' dir='ltr'><strong>Hosidium</strong></span> <span class='ocrx_word' id='word_1_207' title='bbox 1083 3887 1188 3946; x_wconf 80' lang='lat' dir='ltr'><strong>Getam</strong></span> <span class='ocrx_word' id='word_1_208' title='bbox 1205 3880 1364 3942; x_wconf 74' lang='lat' dir='ltr'><strong>Maurum</strong></span> 
     </span>
    </p>
   </div>
   <div class='ocr_carea' id='block_1_7' title="bbox 125 3963 1131 4052">
    <p class='ocr_par' dir='ltr' id='par_1_9' title="bbox 125 3963 1131 4052">
     <span class='ocr_line' id='line_1_30' title="bbox 125 3963 1131 4052; baseline -0.003 -24"><span class='ocrx_word' id='word_1_209' title='bbox 125 4040 129 4052; x_wconf 32' lang='lat'><em>¹</em></span> <span class='ocrx_word' id='word_1_210' title='bbox 238 3967 321 4036; x_wconf 85' lang='lat' dir='ltr'><strong>siani,</strong></span> <span class='ocrx_word' id='word_1_211' title='bbox 343 3969 395 4046; x_wconf 93' lang='lat' dir='ltr'><strong>qui</strong></span> <span class='ocrx_word' id='word_1_212' title='bbox 416 3963 516 4046; x_wconf 66' lang='lat' dir='ltr'><strong>posted</strong></span> <span class='ocrx_word' id='word_1_213' title='bbox 538 3967 596 4027; x_wconf 86' lang='lat' dir='ltr'><strong>fuit</strong></span> <span class='ocrx_word' id='word_1_214' title='bbox 622 3971 791 4046; x_wconf 80' lang='lat' dir='ltr'><strong>imperator.</strong></span> <span class='ocrx_word' id='word_1_215' title='bbox 848 3969 917 4028; x_wconf 86' lang='lat' dir='ltr'><strong>belli</strong></span> <span class='ocrx_word' id='word_1_216' title='bbox 929 3970 1131 4029; x_wconf 84' lang='lat' dir='ltr'><strong>confectorem.</strong></span> 
     </span>
    </p>
   </div>
   <div class='ocr_carea' id='block_1_8' title="bbox 240 4031 1364 4210">
    <p class='ocr_par' dir='ltr' id='par_1_10' title="bbox 240 4031 1364 4210">
     <span class='ocr_line' id='line_1_31' title="bbox 240 4031 1364 4128; baseline -0.017 -19"><span class='ocrx_word' id='word_1_217' title='bbox 240 4050 317 4109; x_wconf 85' lang='lat' dir='ltr'><strong>Vide</strong></span> <span class='ocrx_word' id='word_1_218' title='bbox 336 4051 425 4109; x_wconf 83' lang='lat' dir='ltr'><strong>Stem.</strong></span> <span class='ocrx_word' id='word_1_219' title='bbox 442 4049 606 4108; x_wconf 76' lang='lat' dir='ltr'><strong>Flauiorum</strong></span> <span class='ocrx_word' id='word_1_220' title='bbox 628 4052 659 4109; x_wconf 89' lang='lat' dir='ltr'><strong>in</strong></span> <span class='ocrx_word' id='word_1_221' title='bbox 681 4061 742 4111; x_wconf 88' lang='lat' dir='ltr'><strong>not.</strong></span> <span class='ocrx_word' id='word_1_222' title='bbox 761 4061 791 4110; x_wconf 89' lang='lat' dir='ltr'><strong>et</strong></span> <span class='ocrx_word' id='word_1_223' title='bbox 890 4049 899 4083; x_wconf 84' lang='lat'>⁵</span> <span class='ocrx_word' id='word_1_224' title='bbox 925 4049 1120 4128; x_wconf 76' lang='lat' dir='ltr'><strong>Triumphalia</strong></span> <span class='ocrx_word' id='word_1_225' title='bbox 1141 4043 1259 4124; x_wconf 72' lang='lat' dir='ltr'><strong>insignio</strong></span> <span class='ocrx_word' id='word_1_226' title='bbox 1270 4031 1364 4126; x_wconf 65' lang='grc' dir='ltr'><strong>1611111ιῇ</strong></span> 
     </span>
     <span class='ocr_line' id='line_1_32' title="bbox 240 4112 1363 4210; baseline -0.026 -20"><span class='ocrx_word' id='word_1_227' title='bbox 240 4131 353 4190; x_wconf 86' lang='lat' dir='ltr'><strong>emend.</strong></span> <span class='ocrx_word' id='word_1_228' title='bbox 375 4130 411 4189; x_wconf 85' lang='lat' dir='ltr'><strong>ad</strong></span> <span class='ocrx_word' id='word_1_229' title='bbox 435 4116 622 4189; x_wconf 66' lang='grc'><strong>11111116.</strong></span> <span class='ocrx_word' id='word_1_230' title='bbox 666 4133 791 4210; x_wconf 82' lang='lat' dir='ltr'><strong>legatus</strong></span> <span class='ocrx_word' id='word_1_231' title='bbox 848 4133 899 4191; x_wconf 80' lang='lat' dir='ltr'><strong>rit.</strong></span> <span class='ocrx_word' id='word_1_232' title='bbox 936 4131 1088 4203; x_wconf 91' lang='lat' dir='ltr'><strong>Di0‚ibid.</strong></span> <span class='ocrx_word' id='word_1_233' title='bbox 1111 4133 1158 4189; x_wconf 89' lang='lat' dir='ltr'><strong>De</strong></span> <span class='ocrx_word' id='word_1_234' title='bbox 1173 4112 1363 4198; x_wconf 72' lang='lat' dir='ltr'><strong>triumphalibus</strong></span> 
     </span>
    </p>
   </div>
   <div class='ocr_carea' id='block_1_9' title="bbox 239 4183 1361 4291">
    <p class='ocr_par' dir='ltr' id='par_1_11' title="bbox 239 4183 1361 4291">
     <span class='ocr_line' id='line_1_33' title="bbox 239 4183 1361 4291; baseline -0.012 -19"><span class='ocrx_word' id='word_1_235' title='bbox 239 4222 338 4272; x_wconf 87' lang='lat' dir='ltr'><strong>autem</strong></span> <span class='ocrx_word' id='word_1_236' title='bbox 351 4213 460 4273; x_wconf 84' lang='lat' dir='ltr'><strong>dicitur</strong></span> <span class='ocrx_word' id='word_1_237' title='bbox 483 4209 608 4269; x_wconf 84' lang='lat' dir='ltr'><strong>Sabinus</strong></span> <span class='ocrx_word' id='word_1_238' title='bbox 630 4213 790 4291; x_wconf 72' lang='lat' dir='ltr'><strong>quodsum</strong></span> <span class='ocrx_word' id='word_1_239' title='bbox 849 4214 1021 4272; x_wconf 81' lang='lat' dir='ltr'><strong>ornamentis</strong></span> <span class='ocrx_word' id='word_1_240' title='bbox 1040 4212 1166 4273; x_wconf 79' lang='lat' dir='ltr'><strong>diximus</strong></span> <span class='ocrx_word' id='word_1_241' title='bbox 1183 4221 1265 4284; x_wconf 65' lang='lat' dir='ltr'><strong>supra</strong></span> <span class='ocrx_word' id='word_1_242' title='bbox 1276 4198 1301 4255; x_wconf 72' lang='lat' dir='ltr'><strong>ill</strong></span> <span class='ocrx_word' id='word_1_243' title='bbox 1314 4183 1361 4247; x_wconf 54' lang='grc' dir='ltr'><em>Μ</em></span> 
     </span>
    </p>
   </div>
   <div class='ocr_carea' id='block_1_10' title="bbox 239 4289 1038 4435">
    <p class='ocr_par' dir='ltr' id='par_1_12' title="bbox 239 4289 1038 4435">
     <span class='ocr_line' id='line_1_34' title="bbox 239 4289 1038 4376; baseline 0 -23"><span class='ocrx_word' id='word_1_244' title='bbox 239 4304 361 4372; x_wconf 81' lang='lat' dir='ltr'><strong>praeerat</strong></span> <span class='ocrx_word' id='word_1_245' title='bbox 383 4292 465 4352; x_wconf 64' lang='lat' dir='ltr'><strong>unii</strong></span> <span class='ocrx_word' id='word_1_246' title='bbox 490 4289 659 4370; x_wconf 85' lang='lat' dir='ltr'><strong>legionibus,</strong></span> <span class='ocrx_word' id='word_1_247' title='bbox 680 4315 747 4376; x_wconf 87' lang='lat' dir='ltr'><strong>quae</strong></span> <span class='ocrx_word' id='word_1_248' title='bbox 762 4297 792 4356; x_wconf 90' lang='lat' dir='ltr'><strong>in</strong></span> <span class='ocrx_word' id='word_1_249' title='bbox 822 4293 825 4298; x_wconf 79' lang='grc'>’</span> <span class='ocrx_word' id='word_1_250' title='bbox 850 4294 949 4374; x_wconf 79' lang='lat' dir='ltr'><strong>Agris.</strong></span> <span class='ocrx_word' id='word_1_251' title='bbox 964 4313 1038 4354; x_wconf 73' lang='lat' dir='ltr'><strong>xiv.</strong></span> 
     </span>
     <span class='ocr_line' id='line_1_35' title="bbox 242 4372 581 4435; baseline -0.009 -1"><span class='ocrx_word' id='word_1_252' title='bbox 242 4373 393 4435; x_wconf 77' lang='lat' dir='ltr'><strong>Britanuii</strong></span> <span class='ocrx_word' id='word_1_253' title='bbox 407 4372 581 4434; x_wconf 81' lang='lat' dir='ltr'><strong>militabunt.</strong></span> 
     </span>
    </p>
   </div>
   <div class='ocr_carea' id='block_1_11' title="bbox 0 0 1443 4950">
    <p class='ocr_par' dir='ltr' id='par_1_13' title="bbox 0 0 1443 4950">
     <span class='ocr_line' id='line_1_36' title="bbox 0 0 1443 4950; baseline 0 0"><span class='ocrx_word' id='word_1_254' title='bbox 0 0 1443 4950; x_wconf 95' lang='lat' dir='ltr'><strong> </strong></span> 
     </span>
    </p>
   </div>
  </div>
 </body>
</html>
