2859 4950
49 259 74 323 r.
92 261 124 321 c.
143 264 191 319 n.
338 254 449 317 nrum
471 252 628 315 ocmvt
647 248 891 319 nuptorum.

1130 265 1192 329 837

46 416 234 515 contigerat,
250 434 324 485 non
338 410 614 497 nobilitarentur.
667 412 807 485 Verum
823 440 904 511 quae
917 413 1055 513 populis
1071 438 1191 515 preca·

45 534 134 605 batur
150 532 246 620 mala,
271 530 307 601 in
323 529 452 625 ipsum,
468 530 607 603 Urbem
623 552 834 627 regressum,
856 531 1001 605 vertere.
1054 532 1187 607 Nefan-

46 650 119 719 dum
146 646 277 735 facinus
313 646 454 717 diversis
488 643 715 716 incitamentis
743 652 966 742 susceptum¹
1030 650 1071 721 In
1099 650 1187 723 illud

46 764 103 836 ruit
145 764 307 835 AEmilius
346 762 520 860 Regulus,
564 762 831 850 CordubensiS,²
879 763 960 837 odio
1002 763 1185 863 Principis:

45 878 169 951 Annius
211 878 445 966 Minucianus,
482 895 521 949 ut
564 878 739 975 Lepidum
769 878 1017 969 ulcisceretur,³
1053 880 1188 979 sibique

46 994 214 1067 imminens
251 995 435 1067 discrimen
480 996 719 1093 propulsaret:
760 996 899 1069 Cassius
938 997 1097 1085 Chaerea,
1134 997 1187 1069 vir

47 1110 177 1207 antiquis
207 1113 364 1191 moribus
392 1130 427 1183 et
452 1113 608 1201 austeris,
635 1112 775 1209 quibuS,
798 1128 837 1183 ut
863 1114 907 1185 ad
939 1114 1073 1185 bonum
1102 1112 1213 1185 nihil‘

48 1227 168 1315 melius,
191 1228 237 1299 ita
256 1230 299 1300 ad
317 1227 449 1299 malum
465 1228 550 1301 nihil
567 1227 743 1315 audacius,
766 1246 908 1324 propter
924 1246 1074 1325 spretam
1090 1252 1188 1303 suam

47 1340 211 1415 viantem*
235 1344 415 1441 ipsamque
430 1344 505 1417 Caii
519 1343 794 1417 benevolentiam
810 1342 986 1421 infensior.

88 1582 140 1645 69.
166 1568 353 1665 Smounr,
370 1602 611 1675 quoscumque
636 1594 806 1651 noverant
832 1574 1065 1653 dominatione
1081 1578 1189 1651 offen

50 1712 107 1779 sos,
122 1691 230 1764 socios
249 1692 415 1791 deligere,
443 1720 515 1766 non
544 1713 583 1766 ut
609 1696 802 1792 periculum
829 1696 1052 1783 declinarent,
1073 1694 1134 1767 sed
1152 1712 1192 1767 ut

48 1806 189 1881 societate
205 1809 429 1883 valescerent.
461 1892 464 1895 ⁴
482 1812 654 1885 Omnium
670 1812 857 1885 acerrimus
872 1812 1045 1901 Chaerea,⁵
1063 1828 1189 1907 praeto·

48 1920 205 1998 rimorum
232 1926 406 2017 tribunus,
434 1928 570 2028 singula
602 1932 809 2004 observare:
836 1927 1003 2025 Principis
1020 1928 1190 2016 libidines,

50 2060 210 2113 sacrorum
228 2068 365 2133 arcana,
382 2044 601 2143 vectigalium
628 2045 889 2132 immanitatem,
910 2042 1031 2140 populi
1060 2044 1189 2134 luctae,

49 2176 179 2230 suasmet
211 2158 366 2258 injurias,
399 2162 486 2233 crim
519 2164 566 2235 ob
595 2162 845 2234 humanitatem
878 2158 977 2233 etin
1011 2159 1192 2258 exigendis

48 2273 256 2371 vectigalibus
286 2277 562 2351 moderationem
590 2279 612 2352 i
639 2278 812 2375 Principe,
846 2276 905 2375 qui
934 2274 1043 2349 virilia
1074 2274 1191 2347 omnia

50 2407 189 2484 exuerat,
213 2408 254 2464 ut
285 2393 466 2467 muliebria
494 2413 692 2487 ostentaret,
720 2393 874 2467 mollitiei
899 2408 1117 2492 argueretur,
1142 2406 1191 2481 et,

62 2699 66 2708 Ι
83 2616 92 2644 ¹
111 2621 283 2702 Susceptum.
324 2629 370 2684 De
384 2625 438 2686 hic
451 2629 583 2704 conjura·

51 2708 113 2757 tione
125 2707 242 2782 ejusque
257 2709 425 2766 auctoribus
439 2713 584 2778 escensis,

50 2781 102 2838 tide
134 2786 302 2864 losephutn‚
338 2790 440 2866 Antiq.
466 2791 583 2849 ludaic.

52 2877 111 2919 mx.
125 2873 148 2922 l.
189 2901 196 2910 ‚

70 2937 94 2965 ‘²
112 2945 304 3008 Cordubensis.
357 2949 433 3007 Plin.
464 2969 520 3008 111.
557 2961 584 3010 1.

51 3017 174 3098 Corduba,
188 3033 297 3089 colonia
307 3031 441 3104 patriciu.

81 3097 242 3185 'Lepidum
286 3110 479 3169 ulcisceretur.
538 3113 583 3170 De

642 2637 715 2700 erat,
739 2627 891 2704 languidus
916 2637 992 2692 sono,
1016 2633 1044 2684 el
1064 2624 1192 2706 infracti
1237 2661 1241 2680 ι

642 2729 707 2768 once
725 2709 888 2786 srtspectior.
924 2709 1002 2764 Huic
1024 2706 1110 2766 Caius
1132 2709 1193 2785 sig-

642 2809 705 2848 uum
727 2789 844 2868 petenti,
868 2785 947 2846 madi
964 2787 1090 2858 Veneris,
1112 2789 1192 2847 modi

641 2871 744 2948 Priapi
761 2871 847 2928 dabat
859 2893 871 2937 ;
893 2869 979 2927 aliter
1001 2878 1085 2947 atque
1107 2870 1194 2928 aliter

642 2955 811 3028 exprobrans
820 2961 929 3009 armato
942 2949 1099 3010 mollitiam.
1119 2951 1191 3010 Hac

640 3031 709 3109 ipse,
723 3033 822 3102 Caius,
836 3030 1005 3107 perlucidus,
1019 3031 1193 3104 crepidatus,

641 3113 809 3171 armillatus
843 3110 942 3187 Coegit
955 3110 1049 3187 itaque
1058 3112 1136 3170 ill-um
1150 3108 1195 3168 ati

51 3177 144 3258 huin
157 3192 322 3250 dictumest
333 3202 423 3266 supra
436 3211 501 3270 cap.
515 3199 565 3260 ²7·
632 3191 731 3271 ferra,
756 3215 790 3252 aa
814 3193 914 3268 sapitis
938 3191 1048 3267 signum
1071 3200 1194 3268 peteret.

83 3263 95 3296 ⁴
112 3269 237 3344 Spretam
250 3293 327 3330 suam
339 3272 482 3330 virtutus.
504 3274 585 3333 Suet.
643 3275 701 3332 Ille
706 3275 815 3351 primus
824 3273 899 3330 iuter
909 3275 1074 3347 conjuratos
1082 3291 1192 3329 martum

49 3339 75 3398 ln
93 3347 249 3420 Caio,1.v1.
288 3352 401 3410 Primus
418 3355 472 3412 sili
487 3364 587 3431 portes

51 3423 148 3489 Cassius
168 3433 296 3502 clareo,
322 3433 450 3493 tribunus
463 3437 585 3494 cohortis

642 3357 777 3414 sustulit:
799 3354 847 3411 ille
861 3353 992 3408 ceruicem
1008 3353 1124 3411 mediam
1138 3371 1193 3410 aaa

642 3434 701 3494 ictu
712 3437 832 3494 decidit:
846 3433 995 3509 plurimum
1006 3433 1103 3490 deiude
1112 3433 1192 3491 uadi

48 3513 182 3582 pretoria,
195 3514 375 3591 depoposcit:
397 3534 475 3590 quera
501 3515 585 3575 Caius
639 3537 695 3591 qus
719 3511 844 3593 parilitas
870 3533 902 3571 ac
922 3513 1051 3588 priuatas
1071 3514 1193 3589 iujurias

49 3588 587 3671 tertioremjam,utraollemctqfoemiaa·

50 3671 583 3750 tundenotareomniprolrocoasucrat.·

51 3754 171 3822 statuali,
189 3755 299 3834 signum
316 3757 435 3832 petenti,
449 3757 585 3834 Priapum

51 3837 92 3884 aut
103 3830 128 3886 V
125 3854 228 3893 ruerem
239 3838 327 3894 darc:
343 3835 430 3906 morli,
443 3859 476 3896 es
488 3837 584 3916 alqui

52 3913 124 3968 cant
139 3917 235 3992 agenti
259 3917 383 3994 gratias,
407 3921 585 3980 osculandum

51 4004 146 4048 tranum
165 3998 276 4070 affirrc,
289 3997 450 4076 ‘lirinatam
472 4019 587 4058 comma·

53 4072 149 4147 touque
161 4075 190 4134 in
203 4079 351 4136 obscenum
366 4083 484 4138 modum.
525 4081 586 4138 Has

51 4165 153 4236 auoque
173 4157 301 4234 injurias,
320 4171 350 4217 et
371 4161 488 4235 quidem
511 4173 587 4218 atro-

54 4229 116 4324 φῂς,
129 4253 262 4296 mentorat
277 4241 395 4307 Seneca,
405 4243 438 4298 de
450 4241 586 4300 Constan-

52 4312 234 4391 twsapieutis,
256 4339 354 4379 xviri.
384 4319 514 4390 Gletes,
536 4322 589 4379 tri-

53 4384 113 4451 luaa
126 4399 250 4471 raditum,
262 4421 350 4460 serario
368 4423 422 4460 aaa
437 4423 491 4481 pro
505 4423 589 4464 meaa

242 4519 331 4571 VOL.
352 4520 408 4570 tV.

641 3597 833 3656 ulcisoentiatn
865 3594 1025 3671 gladiorum
1055 3596 1194 3672 ingestum¹

643 3686 695 3734 est.
748 3675 806 3734 Sed
829 3677 934 3752 primus
964 3676 1010 3732 uir
1033 3677 1110 3753 jair,
1145 3677 1193 3752 qui

642 3757 751 3815 minimi
765 3758 840 3815 abtas
854 3765 906 3814 est.
941 3757 1086 3833 Principes
1104 3759 1195 3833 ignos-

643 3857 716 3908 cere,
736 3837 837 3916 punire
850 3839 951 3894 decet:
972 3837 1110 3904 cavillari,
1125 3855 1193 3895 con-

645 3918 737 3976 vitiari
753 3937 862 3996 semper
875 3919 1003 3986 dedecet,
1022 3917 1193 3994 plerumque

644 4001 769 4076 penitet,
798 4012 832 4058 ut
856 4000 934 4056 rectb
962 4011 1057 4056 monet
1084 3999 1130 4057 Cl.
1157 4001 1193 4056 de

644 4083 858 4161 lllontosquieu,
872 4079 971 4157 Esprit
981 4081 1029 4140 des
1040 4079 1119 4145 Laia,
1134 4096 1193 4140 x11.

684 4238 695 4272 ⁵
719 4241 842 4298 Chaerea.
884 4239 999 4298 Cassius
1013 4241 1140 4308 Chares,
1157 4239 1193 4296 da

645 4341 704 4397 quo
716 4324 800 4400 plura
814 4323 966 4397 losephus,
981 4322 1037 4378 loc.
1056 4325 1106 4380 cit.
1124 4323 1193 4394 Dio,

647 4421 717 4462 arx.
732 4423 761 4481 p.
775 4397 844 4460 aaa.

970 4521 995 4566 t
