2859 4950
256 358 316 413 nt
672 339 1011 403 suueuuuuurun
1204 349 1373 424 tucn,

258 509 404 598 neverit,
428 498 610 580 confestim
633 496 846 595 provinciam
863 497 976 572 sortiri
992 500 1169 599 pemuu't'
1217 506 1299 579 Mox
1312 506 1375 605 ipsos

260 644 361 703 exn-t
387 622 519 699 Italiam
551 631 778 704 commeatus,
803 615 826 687 i
854 632 975 689 senatu
1007 618 1076 715 peti
1098 618 1233 712 solitos,
1255 623 1374 697 benefici

197 797 199 804 .
259 740 314 819 sui
354 737 485 830 fecit3²
534 730 776 807 donumdonis
816 746 911 806 tanto
952 732 1244 833 intemperantior,
1281 758 1374 837 quanto

263 882 391 933 mtnor.

316 1100 373 1166 16.
399 1094 463 1163 Ar
492 1108 663 1161 novarum
691 1108 803 1182 usque
831 1084 950 1185 legum
967 1084 1188 1161 multitudine
1211 1085 1370 1176 imminute,

264 1207 316 1285 utl
333 1206 478 1295 adsolet,
503 1200 705 1291 reverentia,
732 1200 868 1276 inritata
899 1200 1056 1277 audacia:
1082 1203 1224 1302 ipsaque
1240 1204 1378 1302 supplitit,

261 1323 388 1400 amissi
409 1324 456 1395 ob
489 1320 722 1395 assiduitatem
755 1318 980 1417 turpitudine,
1008 1320 1045 1393 in
1060 1321 1227 1419 peccandi
1242 1320 1378 1393 libidinem

262 1440 411 1516 vertere.
460 1440 539 1514 Nec
557 1436 644 1510 levia
673 1438 812 1510 tantum
846 1436 937 1525 vitia,
967 1436 1028 1509 sed
1058 1454 1257 1534 portentosa
1282 1460 1380 1533 perere

262 1560 373 1632 buere
388 1555 537 1645 scelera,
565 1570 600 1626 et
624 1553 791 1626 hactenus
816 1550 927 1627 ferme
945 1554 1095 1627 inaudita
1111 1552 1323 1651 parricidialis
1342 1552 1380 1621 in·

260 1674 368 1775 pietas
383 1671 473 1745 adeb
482 1667 638 1759 invaluit,
650 1685 690 1770 ut
705 1670 824 1765 plures
839 1669 1023 1766 parricidas
1038 1669 1129 1743 intri
1142 1667 1379 1769 quinquennium

262 1788 432 1865 Claudius
464 1786 579 1859 culleo
607 1785 776 1874 insuittit,¹
808 1785 916 1883 quim
948 1786 1110 1859 omnibus
1138 1786 1263 1861 seculis
1288 1785 1380 1857 insutu

260 1904 437 1979 traditum.
488 1902 690 1975 Monstratis
702 1902 916 1993 criminibus,
935 1904 1028 1977 uiros
1044 1903 1134 1977 inter
1149 1920 1186 1976 et
1198 1903 1345 1977 mulieres
1356 1900 1390 1971 dt

259 2017 478 2096 contumacia
488 2034 679 2091 certatum:
698 2016 780 2090 vicit
794 2017 970 2091 muliebris
986 2044 1104 2109 sexus,
1116 2036 1248 2117 quanto
1260 2014 1379 2101 debilior,

260 2153 370 2225 tanto,
386 2133 415 2208 si
430 2133 554 2207 natura
570 2132 705 2206 insitam
722 2133 970 2207 humanitatem
986 2134 1096 2224 exuit,
1113 2134 1317 2234 flagitiosior.
1356 2133 1381 2204 lt

261 2254 363 2341 cum,
389 2252 455 2323 sub
489 2249 556 2322 boc
583 2249 788 2347 principatu,
824 2250 997 2323 venenarii
1026 2268 1060 2323 et
1085 2249 1235 2325 malefici
1263 2251 1383 2350 prinnin

260 2367 406 2443 fuissent
422 2365 677 2463 comprehensi,
693 2365 851 2439 homines
871 2390 966 2440 xtv.
980 2368 1142 2441 mulieres
1159 2390 1318 2440 Lxxxv.
1333 2390 1384 2460 sup

261 2485 372 2586 pliciis
402 2481 529 2557 adfecti
553 2486 661 2556 sunt⁴
709 2483 849 2556 Inlustri
875 2485 1038 2582 exemplo
1055 2484 1191 2584 legibus
1208 2485 1287 2583 plus
1302 2479 1384 2556 nocen‘

260 2627 376 2701 posse,
402 2597 512 2698 quim
524 2598 650 2697 juvari,
672 2597 738 2672 nisi
769 2597 907 2672 summi
935 2599 1127 2696 imperandi
1152 2619 1188 2674 et
1216 2593 1384 2698 prohibend'

259 2715 445 2816 prudentii
467 2715 765 2812 adtemperentur:
801 2715 1137 2789 animadversionum
1161 2717 1345 2791 assiduitate
1357 2711 1385 2784 lt·

259 2834 424 2909 uilitatem
439 2831 620 2930 peccandi,
645 2832 764 2905 demto
788 2833 936 2930 pudore,
962 2831 1113 2906 intendi:
1141 2819 1345 2931 populorum
1357 2829 1386 2900 iu·

260 2948 470 3038 nocentiam,
485 2947 542 3021 vel
558 2947 693 3022 virtutis
709 2946 817 3040 fami,
834 2949 889 3022 vel
906 2949 1069 3049 parcitate
1086 2948 1189 3024 simul
1216 2967 1251 3025 et
1279 2943 1385 3023 inluuii

261 3089 460 3169 ΨΜ,
476 3088 599 3162 Pfflfl·

316 3307 373 3380 17.
399 3303 535 3372 Amuu
551 3317 669 3374 autem
683 3298 767 3374 novi
784 3303 891 3378 moris
907 3303 1060 3378 edictum
1081 3301 1222 3401 prodiit,
1238 3303 1385 3376 turbarum

260 3432 358 3490 metu
373 3415 505 3512 potius,
530 3415 639 3515 quim
667 3416 845 3492 literarum
870 3419 994 3494 studio.
1046 3419 1212 3516 Princeps
1242 3418 1385 3504 entatu

302 3646 445 3708 'Sortirt'
474 3650 614 3727 permitit.
656 3652 727 3724 Dio,
759 3672 814 3713 ux.
868 3665 959 3712 utrem
987 3675 1023 3712 ex
1050 3655 1129 3712 corio
1156 3654 1275 3724 luctum,
1304 3653 1328 3708 in
1351 3661 1384 3722 qu

264 3750 294 3808 p.
303 3725 376 3835 939.
456 3811 473 3824 ..
533 3811 539 3823 ι
616 3811 621 3823 ι
865 3735 1026 3812 parricida,
1058 3755 1118 3794 cunt
1145 3734 1237 3806 simiel,
1267 3731 1383 3818 gallusl

338 3811 472 3888 Bmpictt
494 3831 538 3870 rur
554 3812 645 3890 seat.
694 3815 814 3874 Sueton.
867 3826 995 3892 serpente
1015 3815 1126 3886 inclusi,
1147 3817 1174 3874 in
1193 3836 1269 3874 mare
1285 3824 1384 3892 ptaeupt·

261 3891 541 3951 inClttud.xx111.
584 3893 668 3951 llanc
697 3897 814 3972 quidem
869 3899 1015 3970 tabantur,
1036 3895 1383 3966 nltrttntomnts‚doc‹·tut

264 3971 412 4030 licentiam
439 3975 633 4050 peregrinandi
656 3990 740 4032 extra
759 3978 815 4034 lta·
869 3977 1004 4048 lsidutus,
1037 3977 1151 4055 Origin.
1179 3995 1209 4034 u.
1235 3985 1282 4042 27.
1321 3973 1383 4030 litu·e

262 4051 344 4122 litun,
365 4055 526 4112 inconsulto
538 4066 650 4124 senatu,
670 4058 816 4116 tribuebat
869 4071 966 4118 autem
987 4079 1021 4117 ac
1040 4077 1137 4115 verum
1161 4070 1204 4118 cst
1216 4059 1330 4122 Senecu,
1348 4049 1383 4104 ¹⁰⁶·

263 4133 417 4194 Claudius.
461 4135 507 4192 Ne
529 4149 623 4194 tumen
641 4134 659 4192 ὲ
674 4136 735 4213 lege
760 4139 815 4195 tiis-
869 4141 997 4216 citcup.
1013 4145 1061 4209 tt,
1083 4139 1211 4198 dictum:
1235 4139 1300 4196 Nun
1321 4127 1382 4189 tritis

265 4216 364 4272 cedere
374 4214 526 4284 videretur,
533 4217 814 4276 senatusconsultum
869 4219 1000 4296 Principi
1022 4219 1118 4296 turpia
1132 4228 1198 4278 sunt
1211 4221 1295 4278 multu
1308 4207 1382 4288 suppli·

263 4294 323 4353 fieri
339 4297 472 4354 curabat.
515 4298 583 4366 Dio,
604 4317 660 4356 tx.
673 4317 705 4374 p.
720 4295 790 4359 682.
869 4301 923 4367 cin,
944 4302 1026 4376 purim
1039 4301 1142 4359 tredico
1156 4300 1350 4378 ntultusuntru·

302 4371 435 4434 'Culleo
460 4375 590 4436 institut.
630 4381 748 4452 Seneca,
780 4381 815 4438 dc
907 4378 1095 4458 ⁴b'uppliciit
1118 4381 1224 4460 ntlJccti
1241 4386 1310 4438 stent.
1344 4368 1381 4452 lif·

263 4457 435 4529 Clctnentid,
450 4475 473 4518 1.
487 4463 537 4517 23.
574 4457 716 4519 culleum
731 4461 814 4521 luisse
870 4462 1099 4522 Vindobunensis
1110 4463 1203 4522 celitus
1211 4479 1293 4540 supra
1303 4479 1326 4535 p.
1333 4453 1380 4512 23⁰·
