2859 4950
49 349 231 421 J.c.n.·
342 348 454 411 nont
475 348 584 411 nour
604 348 846 411 surranum.
944 348 951 361 ’
1128 361 1189 429 eso

50 519 69 553 “
87 508 234 585 socbtm'
259 505 489 581 habuerunt.'’
540 502 585 578 lis
599 502 736 577 deinde
757 502 916 595 dimissis,
941 501 1064 582 milites
1093 508 1187 583 adlo-

47 627 160 725 quitur.
211 624 310 699 Cirm
324 624 361 696 in
377 624 451 723 ejus
466 646 597 695 nomen
609 620 797 723 jurissent,
822 619 967 719 singulis
993 622 1187 721 quinadena

47 740 201 815 sestertia²
217 738 385 841 promittit
390 767 403 833 3
421 737 555 839 primus
566 740 763 815 Caesarum
781 736 888 811 fidem
901 736 1028 829 militis,
1041 739 1187 841 praemio

48 874 240 959 pomus·

91 1102 142 1164 13.
167 1092 337 1165 Annuus
354 1088 491 1187 Claudii
508 1088 744 1189 responsione,
754 1106 882 1189 patres
899 1088 920 1162 iu
937 1089 1135 1165 consuhbus
1150 1090 1188 1167 in

48 1205 144 1278 adem
159 1206 253 1281 Jovis
268 1206 407 1281 victoris
423 1208 601 1282 convocati
617 1213 726 1281 sunt.⁴
754 1212 804 1280 At
820 1206 960 1305 plurimi
977 1207 1060 1307 quid
1077 1207 1189 1304 innn-

48 1340 131 1395 neret
156 1323 303 1404 oberati
328 1323 476 1421 praesen,
499 1349 579 1423 pars
594 1324 630 1397 in
647 1326 748 1399 urbe
765 1306 918 1397 lassare:
944 1348 1023 1424 pars
1039 1322 1075 1395 tn
1091 1305 1188 1397 voras

47 1438 203 1529 medere,
237 1456 291 1531 ut,
315 1440 344 1513 si
372 1440 491 1514 minius
520 1440 691 1541 dignitati,
726 1440 836 1537 magis
865 1438 1037 1513 securitati
1065 1463 1188 1514 consu·

49 1550 163 1627 lerent:
178 1554 252 1658 effi,
269 1556 363 1628 haud
380 1556 531 1655 amplius
539 1546 702 1646 tentum,
721 1580 936 1631 convenere:
958 1580 1045 1628 mox
1062 1556 1189 1647 clamo-

47 1664 127 1740 ribus
157 1671 321 1762 militum,
363 1672 422 1771 qui
462 1674 580 1771 plures
621 1674 781 1747 dominos
816 1660 1036 1769 respuebant,
1078 1695 1189 1744 unum

47 1779 261 1881 efflagitabant
275 1787 486 1885 Principem,
511 1806 591 1861 sunt
608 1788 809 1887 praepediti:
836 1813 959 1885 pauca,
975 1812 1040 1861 nec
1053 1786 1189 1895 placita,

47 1920 99 1991 pro
114 1899 268 1975 libertate
287 1902 376 1975 dixit
390 1903 618 2007 Pomponius,
643 1905 788 1995 consul;
816 1903 920 1977 ceteri
937 1904 981 1976 de
997 1902 1190 2000 principatu

46 2010 274 2113 disceptavero
326 2020 404 2092 Hos
426 2020 520 2091 enim
544 2021 647 2111 inter,
668 2019 827 2094 nonnulli
853 2045 1000 2094 summae
1017 2019 1066 2092 rei
1083 2018 1189 2093 inhia·

46 2126 136 2221 bant,
175 2158 331 2231 quorum
362 2133 540 2232 praecipui,
566 2138 709 2209 Marcus
740 2135 915 2209 Vinicius⁵
948 2134 1123 2208 nobilitate
1156 2150 1191 2211 et

44 2242 153 2320 Juliae⁶
180 2249 402 2324 matrimonio
431 2250 585 2351 insignis,
620 2250 779 2325 Valerius
807 2250 1005 2325 Asiaticus⁷
1034 2248 1190 2340 audaciai,

44 2358 138 2453 quim
153 2364 369 2456 auctoritate,
386 2366 540 2447 validior.
579 2368 712 2470 Magna
728 2392 872 2449 ausuros
888 2366 1053 2443 deterruit
1069 2382 1192 2438 mutua

43 2479 226 2558 emulatio:
254 2481 395 2582 insuper
410 2501 524 2582 partos
542 2485 678 2586 Claudii
703 2484 856 2583 singulas
871 2481 908 2562 in
923 2483 1027 2560 horus
1056 2482 1191 2562 adcres-

44 2591 175 2687 cebant,
204 2613 320 2672 metus
344 2625 486 2698 quoque
511 2617 584 2674 erat
608 2626 666 2691 ne,
691 2600 720 2676 si
736 2601 779 2674 ad
796 2624 892 2682 arma
921 2597 1109 2687 veniretur,
1133 2597 1190 2675 vel
1232 2595 1251 2629 “

44 2701 129 2782 Urbs
156 2697 430 2805 subverteretur,
461 2717 531 2808 vel,
556 2719 630 2816 jam
660 2713 776 2815 coepti
802 2715 950 2794 militum
984 2713 1190 2808 defectione,

43 2824 278 2919 propitiosam
295 2831 339 2902 ad
357 2849 506 2912 mortem
523 2833 753 2912 traherentur.
805 2833 926 2930 Itaque
951 2848 1077 2930 patres,
1104 2829 1192 2902 mili-

44 2948 97 3024 tes,
120 2939 363 3018 inClaudium
388 2973 617 3041 consensere3
644 2948 774 3028 frustra
798 2949 999 3048 indignante
1016 2941 1191 3022 Chaerei⁸

44 3054 65 3088 “
87 3053 152 3129 huc
180 3058 337 3138 recidere
365 3078 458 3138 tanta
484 3063 647 3142 libertatis
672 3064 872 3158 molimina,
900 3081 935 3136 et
956 3081 1034 3163 post
1057 3064 1191 3138 caedem

78 3266 87 3295 '
115 3271 280 3354 Dignitatis
312 3281 425 3340 socium.
467 3283 587 3342 Serrator
640 3284 909 3363 fateturlosephus.
957 3287 967 3302 ⁴

44 3356 193 3432 consulque
215 3359 309 3416 fuerat
333 3362 428 3420 lactus
449 3366 534 3423 ΑΛ).
549 3368 585 3424 C.
679 3362 826 3425 ³Primus
840 3367 991 3424 Casurum.
1033 3363 1106 3422 Haec
1120 3364 1191 3422 Sue·

44 3432 105 3495 790.
127 3449 160 3493 ut
176 3439 290 3496 dictum
310 3454 353 3500 ist
364 3443 393 3500 in
406 3443 511 3522 Suppl.
526 3449 585 3504 An·
640 3460 698 3521 ton,
713 3448 741 3504 in
755 3448 860 3506 Claud.
875 3466 907 3506 x.

44 3508 94 3569 bal.
115 3532 174 3574 vu.
195 3514 224 3577 6.
267 3518 343 3578 Vide
365 3537 395 3580 et
415 3524 533 3582 Sueton.
555 3525 585 3583 in
678 3523 962 3605 *Convocatisunb
1001 3523 1193 3606 loseph.Att·
1237 3553 1241 3556 ·

43 3589 141 3693 Claud.
155 3615 215 3657 vrr.
239 3599 373 3672 Dionem,
395 3621 460 3663 nrx.
472 3626 502 3682 p.
515 3601 584 3664 644.
638 3609 690 3685 tiq.
704 3608 774 3667 Jud.
789 3626 862 3665 xix.
876 3614 905 3664 4.
918 3626 946 3665 n.
960 3613 990 3666 3.

113 3673 280 3741 Quinum
313 3685 454 3743 sestertio.
495 3687 585 3766 Augl.
681 3687 828 3748 'liorem
844 3687 979 3746 Vinicius.
1016 3687 1091 3745 Vide
1103 3687 1193 3746 Stem.

46 3753 116 3812 test.
142 3757 246 3818 Totius
260 3761 327 3838 ergb
342 3763 498 3840 largitionis
510 3787 588 3826 sum·
641 3769 713 3829 Cas.
723 3789 757 3847 χι.
768 3775 817 3840 99.
841 3769 922 3826 blato
936 3769 1013 3845 apud
1023 3768 1192 3845 losephum,

44 3847 94 3921 mu,
123 3855 179 3894 non
202 3841 359 3902 numeratis
385 3845 494 3902 ducum
517 3866 589 3923 prae·
641 3849 763 3906 lussit.
784 3848 1194 3926 appellaturblnrcusblinu·

44 3925 110 3984 mus,
120 3916 273 4000 luitAngl.
282 3923 398 3982 circiter
409 3929 588 3996 l,200,000l.
641 3932 752 4001 cintius,
772 3932 921 3991 Mimantis
935 3927 1050 4009 Μίμας.

43 3989 185 4083 losephus,
199 4001 256 4058 loc.
269 4003 320 4060 cit.
333 4023 413 4064 num.
426 4012 454 4064 2.
466 4008 507 4065 ait
519 4008 588 4066 data
681 4005 804 4069 ⁶Julioe.
846 4011 909 4068 Caii
925 4010 1066 4086 Caligulae
1078 4010 1192 4068 sororis.

43 4089 125 4146 quina
154 4081 359 4141 drachmarum
396 4085 498 4155 millio,
536 4109 586 4147 seu
642 4090 719 4148 Vide
733 4093 821 4152 Stem.
836 4092 908 4150 caes.
920 4109 949 4148 n.
963 4097 1012 4158 97.

45 4155 220 4247 ringilfol.
244 4163 298 4220 Sed
313 4166 544 4243 potiorSuetonii
560 4170 588 4229 iu
683 4168 850 4230 ⁷Voleriur
873 4171 1027 4232 Asiaticus.
1069 4172 1116 4230 Do
1134 4187 1194 4246 quo

47 4231 354 4302 tlaudnnuctorios.
371 4246 592 4309 Nifurtdvoluo·
644 4269 677 4310 su
699 4271 732 4308 ro
745 4253 882 4322 diximus,
902 4271 929 4308 n.
942 4259 971 4310 4.

44 4326 78 4384 ris
98 4333 165 4393 dota
184 4337 325 4400 militibus
340 4361 384 4402 xv
399 4328 449 4412 n—s,
466 4345 590 4403 ducibus
719 4331 892 4408 Indign‘i'll‘
908 4329 1033 4393 Cim·
1073 4333 1144 4396 Haec
1165 4341 1195 4400 οἳ

47 4439 90 4481 XX
106 4447 155 4488 ns.
197 4433 280 4496 Tunc
295 4441 472 4500 consentient
484 4444 591 4500 omnio.
645 4433 702 4492 se‘l‘
715 4413 867 4492 J⁰⁸⁰Pl¹u³2
880 4413 952 4476 ibid·

45 4499 127 4566 Porri>
144 4512 174 4572 in
188 4515 269 4577 donis
292 4519 482 4583 diversitatem
504 4523 591 4583 luisse
916 4523 918 4532 ’
