2859 4950
220 331 280 397 292
424 379 428 401 ,
623 318 962 382 SUPPLEMENTUM
1156 324 1195 381 Α.
1209 322 1246 381 U.
1257 324 1289 383 C.
1301 330 1356 393 ⁷9²·

225 491 253 528 ⁴⁴
277 478 522 555 conmmeliam
542 496 639 552 tanto
663 474 857 575 proniores,
884 492 1027 575 quanto,
1055 476 1144 549 dum
1169 474 1304 567 viveret,
1325 480 1358 550 ad

224 605 256 645 ‘⁴
276 598 351 697 ejus
365 594 622 671 venerationem
633 593 879 695 projectiores?
907 591 1005 669 Olim
1021 592 1209 667 criminum
1221 593 1358 683 artifices,

226 722 253 759 ‘⁴
277 734 372 787 nunc
402 716 476 813 ejus
504 712 707 785 memoriam
724 710 945 785 insectamini.
996 707 1132 785 Eidem
1155 706 1359 783 incensandi

225 838 253 875 “
277 831 403 929 Sejano
430 828 640 926 superbiam,
656 827 782 900 deinde
811 825 968 915 exitium,
998 820 1149 899 cretsn‘s.
1204 828 1291 922 Quae
1317 852 1359 898 me

225 954 252 991 ‘⁶
276 945 391 1043 ipsum
402 962 575 1033 maneant,
589 945 716 1017 docent
733 958 844 1017 vestra
860 960 1012 1017 anteacta
1029 941 1222 1017 facinora.’'
1259 946 1358 1039 Atque

224 1060 396 1137 utalienae
411 1085 570 1159 personae
586 1062 731 1133 obtentu
760 1058 945 1132 atrociores
968 1081 1088 1132 sensus
1111 1060 1256 1147 velaret,
1276 1059 1359 1130 Tibe·

221 1177 315 1253 rium
347 1176 484 1251 induxit
512 1176 592 1249 talia
623 1173 830 1248 effantem:¹
868 1182 893 1217 ‘⁶
907 1190 1000 1247 recta
1033 1200 1187 1272 veraque
1229 1176 1356 1262 locutus,

223 1300 251 1339 “
275 1318 399 1366 eorum
414 1292 545 1364 nemini
572 1309 607 1365 te
623 1290 788 1379 amicum,
806 1290 938 1363 cunctis
954 1314 1112 1363 severum
1139 1306 1273 1388 praesta.
1316 1292 1358 1360 Te

220 1416 248 1453 “
272 1408 354 1481 odio
366 1408 561 1481 habebunt:
589 1425 808 1506 mortemque
826 1404 953 1479 frustra
964 1406 1105 1505 precati,
1122 1404 1232 1479 vitam
1252 1402 1356 1478 insidiis

221 1531 248 1569 ‘⁶
271 1541 402 1621 petent.
460 1526 590 1614 Sensps
618 1549 658 1597 ac
691 1524 798 1597 verba
824 1546 962 1619 sperne,
990 1520 1089 1594 factis
1115 1520 1255 1594 diffide:
1281 1519 1357 1617 quod

221 1764 247 1801 “
273 1757 362 1832 Haec
375 1754 592 1852 principatus·
610 1757 678 1847 via,
694 1758 771 1831 haec
789 1756 886 1830 ratio.
936 1756 973 1831 Si
984 1756 1169 1853 paululum
1186 1750 1359 1835 deflexeris,

218 1880 307 1945 “te
334 1857 416 1945 iaus
438 1872 566 1962 brevis,
599 1898 696 1947 mors
723 1874 885 1962 violenta,
914 1873 1024 1973 turpis
1050 1890 1169 1945 manet
1203 1866 1358 1943 memoria.

218 1985 383 2060 “Invisa
411 1988 573 2061 omnibus
598 1988 798 2063 dominatio.
862 1990 1001 2077 Parent,
1028 1990 1114 2061 dum
1150 1983 1357 2085 potentiorem

218 2107 245 2147 ‘⁶
270 2118 449 2176 metuunt:
489 2104 550 2176 ubi
577 2106 720 2181 audacia
756 2087 792 2179 d
830 2104 920 2180 vires
956 2122 1155 2204 suppetent,
1189 2100 1356 2184 servitium,

218 2226 245 2265 ‘⁴
270 2219 478 2295 dominantis
492 2221 611 2312 exitio,
624 2222 867 2295 ulciscentur.’'

267 2464 304 2528 8.
329 2454 401 2528 Hm
432 2450 611 2528 minaciter
635 2454 781 2554 jactatis,
818 2454 912 2555 leges
949 2454 1132 2555 majestatis
1173 2444 1357 2534 renotavit,²

216 2570 412 2671 tabulisque
428 2570 533 2643 aeneis
548 2568 672 2644 incisas
683 2571 830 2669 proponi
844 2571 962 2672 jussit;
989 2588 1065 2644 tum
1077 2568 1229 2669 properd
1243 2567 1262 2641 ὲ
1278 2559 1356 2639 cuit

216 2686 365 2784 elapsus,
382 2685 419 2758 in
431 2687 630 2760 suburbana
646 2691 823 2762 concessit.
862 2691 980 2763 Patres
992 2687 1224 2784 perterriti,et
1234 2677 1355 2757 consilio

200 2801 378 2898 impares,
406 2825 445 2874 se
473 2826 596 2876 omnes
629 2805 811 2903 majestatis
850 2801 993 2878 crimine
1029 2803 1186 2876 inretitos
1220 2815 1352 2874 sensere:

214 2917 309 2990 idem
337 2915 404 2988 fuit
431 2900 542 2990 Urbis
570 2935 694 2992 metus.
746 2923 862 2993 Nemo
892 2920 984 2993 enim
1014 2945 1144 2992 vacuus
1169 2921 1212 2990 ab
1245 2907 1354 3012 injutis

213 3031 358 3123 Tiberii,
396 3057 503 3130 quem
544 3034 703 3131 quisque,
734 3036 853 3134 gratiae
891 3038 983 3133 apud
1016 3060 1149 3108 novum
1179 3028 1353 3122 Principem

214 3149 430 3246 aucupandae
446 3143 565 3237 causi,
581 3151 769 3232 maledictis
786 3151 1004 3226 incesserant.
1039 3135 1221 3236 Postridie,
1231 3141 1353 3244 paulum

105 3313 108 3318 -
213 3263 374 3338 recreatis
401 3263 537 3354 animis,
567 3262 741 3363 frequenti
771 3283 891 3339 senatu
920 3266 1167 3356 consultatum,
1195 3271 1220 3306 “
1237 3251 1352 3358 quidifl

212 3385 360 3454 “tanto
389 3378 585 3454 discrimine
616 3381 866 3456 censendum.”
916 3381 1027 3456 Nullt
1060 3377 1239 3478 superstite
1270 3373 1351 3445 liber·

210 3494 289 3568 tatis
304 3497 488 3584 memorii,
516 3497 553 3569 in
582 3499 758 3596 pudenda,
776 3525 856 3596 quae
878 3499 1024 3572 salutem
1045 3495 1233 3583 adferrent,
1249 3489 1350 3564 disces·

209 3633 312 3684 sum:
338 3611 549 3711 laudatique
565 3613 732 3713 Principis
753 3613 937 3712 prudentii
962 3631 995 3687 et
1012 3613 1148 3712 pietate,
1171 3596 1347 3685 decretum¹

210 3731 237 3770 “
263 3743 301 3800 ut
317 3744 432 3826 grates
447 3729 667 3826 amplissima
685 3735 732 3805 ob
749 3733 854 3804 vitam
879 3730 959 3828 ipsis
976 3749 1144 3805 servatam
1161 3733 1344 3829 agerentur:

211 3847 238 3893 ‘⁴
262 3840 406 3944 singulis
430 3845 541 3936 annis,
560 3846 629 3936 die,
646 3845 716 3945 qua
735 3847 841 3922 Caius
857 3847 1048 3920 orationem
1073 3849 1246 3929 habuerat,
1262 3827 1345 3906 ludis·

252 4064 516 4147 'Taliagffantem
560 4071 760 4142 Di0,10c.cit.
816 4072 940 4147 frigent:
1318 4129 1322 4138 ,

210 4147 286 4218 Quae
300 4151 417 4224 quidem
429 4151 615 4222 acrioracsso,
628 4152 716 4229 qubm
729 4163 762 4209 ut
856 4151 869 4177 ²
891 4153 982 4232 Leges
1013 4154 1172 4226 majestatis
1210 4135 1339 4224 renoctt'ti·

208 4225 228 4286 b
251 4229 347 4287 Dione
365 4232 422 4288 sint
441 4233 580 4309 prosecta,
598 4251 682 4290 nomo
703 4251 759 4289 non
817 4233 885 4306 Dio,
902 4244 971 4292 nix.
982 4257 1010 4314 p.
1025 4231 1096 4294 652¹.
1139 4235 1181 4290 De
1194 4230 1248 4303 tege
1261 4229 1340 4300 ΜΨ·

206 4309 293 4368 videt.
307 4311 352 4368 Ea
365 4312 408 4368 vcl
422 4311 441 4368 d
460 4312 574 4384 Tacite,
588 4313 685 4371 veleb
699 4314 758 4371 alio
814 4315 882 4373 tatis
903 4317 1015 4374 dictum
1027 4321 1104 4373 Aun.
1121 4333 1143 4372 1.
1158 4319 1205 4380 tt.
1218 4317 1243 4363 ei
1255 4306 1337 4377 P³·‘’⁵¹¹n

205 4388 237 4444 id
269 4391 379 4450 mboris
420 4393 569 4468 scriptore,
609 4404 759 4452 mutuatus
815 4393 897 4453 libris
911 4415 970 4472 seq.

102 4531 110 4546 .
206 4468 328 4530 videtur.
382 4473 417 4531 ln
442 4471 509 4550 ipsis
531 4473 620 4534 ctiam
647 4475 759 4534 Graecis
854 4471 1052 4538 ³Decretttm.
1096 4477 1164 4550 Dio,
1175 4474 1228 4533 loc·
1239 4463 1281 4522 cii·
