2859 4950
128 354 138 369 ,
267 280 329 347 ree
564 282 689 345 ποτε
712 280 764 343 en
785 280 1117 345 errnunnrroues

315 434 417 503 Tanto
441 438 619 525 gratiosior.
663 437 713 505 Ite
735 437 929 507 Mchatic.
957 446 1050 505 1518.
1073 448 1105 503 et
1125 434 1296 503 recentiores
1314 436 1371 501 etit

268 568 358 665 puer.
400 547 439 613 ln
463 550 567 617 MSS.
585 550 686 617 Vetic.
708 552 796 625 2964
820 564 852 615 et
869 558 965 625 4498.
985 549 1201 636 veteribusque
1222 546 1372 629 editionibu

268 670 360 727 tanto
368 659 503 749 gratior.

316 880 408 947 Cer.
422 890 476 968 21.
501 881 568 948 Nee
592 882 813 971 implacabiles.
858 880 941 947 cem
961 883 1042 967 apud
1059 856 1233 947 Giermanoo
1253 878 1374 944 homicith

271 993 408 1080 primum
421 1006 630 1059 armentorum
644 1016 854 1080 pecorumque
868 1015 1008 1071 numero,
1024 1016 1060 1057 ac
1069 990 1177 1057 ddude
1189 989 1376 1075 augescentibu

273 1105 398 1191 opihue,
413 1107 546 1191 pecunih
565 1106 731 1183 lucrentur,
749 1128 788 1169 ue
808 1120 909 1171 tamen
931 1127 1053 1169 reorum
1076 1114 1258 1189 paupertate
1277 1100 1376 1185 glisceret

273 1216 414 1297 audacia,
442 1217 520 1283 bend
547 1216 735 1296 consultum,
759 1230 794 1281 ut
818 1214 984 1281 satisfactio
1008 1214 1040 1279 iu
1066 1212 1270 1281 interfectorie
1289 1214 1377 1277 mutuo

273 1327 425 1394 meiret.
469 1328 593 1400 Quibus
605 1342 708 1392 autent
723 1327 830 1393 ritibus
844 1327 874 1392 id
894 1338 1098 1413 perageretur,
1112 1326 1206 1391 docet
1229 1325 1291 1390 len
1304 1321 1378 1394 Salio,

274 1438 343 1505 Ttt.
356 1460 433 1505 uxr.
451 1441 521 1505 “de
534 1438 639 1504 Chreu
652 1440 761 1505 crude:
780 1439 810 1505 id
826 1452 882 1520 ert,
896 1440 935 1503 de
949 1436 1077 1503 racuol’
1122 1435 1202 1521 Leg.
1222 1447 1250 1501 1.
1269 1442 1288 1473 “
1302 1434 1329 1497 Si
1339 1430 1378 1517 qui

274 1550 434 1616 homiuem
447 1552 604 1630 occiderit,
625 1565 656 1617 et
676 1550 707 1617 iu
731 1550 798 1616 tort
816 1550 961 1615 facultate
983 1572 1044 1613 non
1065 1548 1217 1626 hahuerit,
1233 1548 1306 1611 uude
1318 1558 1377 1608 tom

276 1660 379 1746 legem
391 1661 529 1747 impleat,
550 1662 713 1748 duodecim
730 1664 883 1750 juratores
898 1661 992 1741 dabit,
1014 1662 1097 1747 quod
1110 1684 1168 1725 nec
1182 1661 1287 1723 subtus
1299 1672 1377 1726 temo.

276 1794 380 1860 neque
392 1796 484 1858 cupre
504 1786 616 1839 terram
638 1774 708 1860 plue
722 1776 760 1839 de
778 1760 924 1839 facultate
945 1774 1067 1853 habeat,
1088 1770 1183 1857 qudm
1206 1771 1326 1835 donavit
1356 1764 1379 1829 lt

278 1882 387 1970 posteri
400 1886 493 1949 dehet
509 1884 540 1950 iu
553 1908 664 1950 casam
676 1908 763 1951 auam
787 1886 908 1961 intrare,
933 1895 965 1949 et
986 1884 1024 1947 de
1045 1896 1178 1969 quatuor
1200 1881 1310 1967 angulis
1328 1894 1384 1943 terre

278 1996 438 2084 pulverem
456 1997 489 2061 in
510 2020 617 2083 pugno
635 1996 791 2082 colligere,
812 2010 843 2061 et
863 1993 972 2081 posted
985 1995 1017 2059 in
1030 1994 1207 2081 duropello,
1229 1994 1263 2059 id
1276 2004 1321 2072 ert,
1337 2010 1379 2055 orn

278 2106 395 2189 limine,
410 2122 498 2189 stare,
513 2122 544 2173 et
557 2110 638 2174 intuo
652 2132 754 2173 casaur
769 2123 909 2194 cuptare,
923 2107 957 2171 id
977 2118 1031 2185 eet,
1047 2108 1202 2193 respicere,
1224 2108 1315 2183 debet,
1327 2099 1379 2166 etit

279 2220 455 2304 deehrietri
476 2242 569 2285 uranu
594 2232 676 2285 trano
698 2242 769 2285 auae
791 2218 932 2306 scapulae
951 2204 1069 2305 jactare
1092 2242 1187 2304 super
1209 2216 1380 2305 proxinuoret

278 2346 448 2419 parentem.
493 2331 626 2405 Quodsi
641 2332 709 2418 jam
725 2344 822 2417 pater,
837 2343 889 2395 eut
903 2344 1011 2409 mater,
1033 2354 1088 2395 eeu
1103 2332 1198 2394 frater
1213 2352 1268 2415 pro
1281 2321 1380 2412 ipsosol-

279 2459 398 2526 rerunt,
419 2467 512 2530 cuper
526 2464 660 2508 sororem
675 2455 748 2508 tune
763 2442 876 2522 matris,
891 2456 945 2509 aut
957 2463 1049 2528 super
1062 2442 1128 2527 ejus
1142 2440 1320 2507 filiosdebet
1330 2434 1379 2500 illm

278 2571 390 2622 terram
399 2558 538 2644 jactare:
562 2555 646 2642 quhd
665 2555 690 2619 oi
712 2555 762 2620 isti
776 2577 837 2620 non
853 2557 986 2634 suerunt,
1000 2576 1093 2638 nuper
1107 2567 1169 2619 tres
1184 2549 1378 2638 degeneratione

277 2667 375 2753 patria
385 2681 417 2731 et
425 2668 540 2748 matris,
551 2667 604 2753 qui
613 2665 816 2752 proximiores
827 2678 911 2731 sunt:
922 2679 953 2730 et
966 2664 1110 2750 postetin
1122 2662 1379 2730 canthitd'neintu

277 2777 487 2859 diemlceatue,
511 2779 585 2864 palo
607 2777 639 2843 in
661 2801 754 2842 manu
776 2800 869 2862 cupra
891 2799 998 2862 sepem
1016 2777 1116 2855 salire,
1138 2793 1173 2841 ut
1198 2800 1254 2864 pro
1265 2775 1384 2840 medient

202 2934 205 2939 <
276 2900 426 2976 qnaumm
448 2912 506 2974 pro
519 2889 746 2974 compositione
759 2890 894 2967 deberet,
916 2901 969 2954 out
987 2902 1135 2975 quantum
1157 2888 1209 2954 lex
1231 2886 1342 2960 addicat,
1355 2877 1377 2942 ll

278 3013 341 3066 tren
353 2999 473 3066 solvant
485 3000 525 3065 de
537 3001 674 3066 materni
689 2997 904 3086 generatione:
927 3001 987 3064 hoc
1002 3013 1035 3064 et
1045 2999 1089 3064 illi
1103 2999 1164 3079 atii,
1178 3001 1232 3086 qui
1245 3001 1281 3062 de
1295 2991 1376 3081 paterni

277 3110 472 3198 generatione
497 3103 633 3190 veniunt,
656 3112 759 3176 facere
784 3109 928 3175 debent.”
974 3110 1060 3196 Lege
1083 3126 1185 3176 autem
1210 3100 1375 3176 12,“simi

276 3224 387 3310 aliquis
399 3247 437 3290 ex
451 3223 515 3289 ittie
524 3222 689 3309 pauperior
702 3222 806 3301 fuerit,
824 3235 857 3286 et
874 3245 937 3288 nou
958 3223 1051 3288 habet
1074 3223 1153 3287 unde
1167 3222 1265 3288 solvat
1276 3217 1375 3286 debitio,

278 3334 465 3424 quicumque
478 3337 517 3400 de
531 3334 590 3399 illis
605 3333 676 3419 plus
690 3333 751 3398 alio
765 3335 860 3398 hahet
877 3333 1025 3412 exsolvat,
1039 3347 1071 3398 et
1092 3334 1204 3398 iterum
1227 3354 1309 3417 super
1324 3325 1374 3390 illm

267 3445 403 3514 =ctrene
417 3448 543 3527 chruda,
564 3445 618 3513 ille
638 3445 692 3532 qui
705 3457 753 3510 eet
774 3444 940 3530 pauperior
954 3446 1064 3532 jactet,
1086 3457 1122 3509 ut
1143 3443 1195 3509 ille
1211 3457 1298 3510 totam
1315 3437 1374 3519 legem

278 3557 388 3624 colret.
431 3558 527 3630 Qnrot
541 3557 567 3622 ei
581 3556 632 3621 hic
653 3555 747 3627 etiam
768 3577 830 3620 non
851 3557 954 3633 hahet,
977 3569 1012 3620 ut
1033 3553 1134 3641 legem
1157 3555 1300 3632 solenter
1317 3561 1373 3612 tom

276 3669 378 3753 legem
392 3680 572 3752 componat,
585 3681 660 3732 tunc
673 3666 771 3746 illum,
786 3667 839 3754 qui
852 3666 1051 3746 homicidium
1067 3667 1159 3744 fecit,
1176 3665 1262 3745 tollit,
1281 3659 1322 3746 qui
1333 3671 1372 3718 eun

277 3781 310 3846 iu
328 3780 389 3846 fide
401 3779 459 3844 eud
473 3779 575 3858 habet,
596 3792 629 3843 et
650 3801 708 3864 per
726 3791 857 3864 quatuor
878 3777 998 3844 Mallos
1021 3793 1203 3863 praesentem
1224 3775 1317 3848 faciat,
1333 3759 1372 3830 eti

277 3913 351 3956 eum
369 3914 426 3977 per
439 3888 697 3975 compositionem
720 3902 772 3954 eut
794 3889 888 3954 fidem
903 3888 1005 3954 nullus
1019 3909 1146 3954 euomm
1161 3889 1268 3966 tulerit,
1279 3886 1326 3948 hoc
1340 3885 1371 3946 θθθι

277 4001 502 4081 ettmredimot,
514 4014 569 4066 aut
582 4024 640 4087 pro
653 4023 693 4066 eo
705 4001 864 4088 persolvit,
886 4015 959 4068 tuuc
973 4003 1012 4066 de
1026 4000 1089 4068 virt
1103 3997 1283 4086 componit.”
1317 3983 1371 4056 licit

158 4140 159 4145 ¹
279 4125 384 4179 eutem
398 4113 430 4177 in
443 4111 503 4176 hirc
516 4112 585 4197 lege
608 4111 713 4177 Cluen
735 4113 827 4178 crude
841 4113 1008 4200 plurimum
1021 4125 1103 4178 esset
1122 4110 1263 4189 utilitatis,
1281 4088 1384 4169 nonnihil

281 4237 384 4290 temen
404 4237 469 4287 erat
490 4222 565 4302 vitii,
593 4224 678 4310 quod
704 4224 928 4290 homicidarum
955 4227 1070 4304 surore,
1098 4238 1131 4290 et
1158 4223 1230 4306 legis
1253 4209 1384 4304 εθνεῐίθθθη

282 4333 390 4401 multoe
402 4347 609 4400 everterentur
630 4333 764 4402 familie.
809 4336 899 4400 Unde
914 4335 1015 4420 legem
1038 4335 1123 4400 illam
1145 4332 1248 4423 posteri
1265 4312 1384 4406 ,bogari

285 4443 499 4510 Childebertua
520 4468 584 4527 rex,
601 4445 729 4512 Decret.
754 4447 832 4534 Leg.
852 4453 931 4516 15st
932 4447 995 4512 ‘de
1014 4446 1229 4514 Chrenecrudd
1247 4441 1324 4519 leuq
1325 4443 1366 4491 nm
