2859 4950
150 394 157 406 ,
247 330 306 387 sss
713 314 929 377 uersuum
1177 316 1361 381 auum

249 476 324 555 Ubi
352 482 397 557 eo
421 488 577 563 venturu,
602 472 623 552 l
647 470 771 570 pietate
790 496 907 560 orsus,
932 484 1046 568 coepta
1069 468 1227 568 Capitolii
1249 474 1363 549 edifica

249 592 384 684 invium
411 609 458 681 et,
474 609 513 665 ut
529 614 650 689 operas
666 587 881 677 incenderet,
897 588 984 686 ipse,
999 586 1093 663 elatis
1110 586 1202 661 collo
1218 591 1364 663 suorude·

216 692 221 713 ¹
247 709 368 799 ribus,¹
393 707 430 780 in
451 726 583 805 partem
608 705 734 781 laboris
758 732 795 779 se
810 703 962 793 immisit,
987 704 1161 793 omnibus,
1186 704 1365 803 utquisque

247 824 410 923 dignitate
426 840 461 896 et
476 822 617 897 fortunis
629 821 838 922 praecipuus,
848 820 1014 920 Principis
1030 822 1233 919 exemplum
1243 822 1365 895 certatim

248 938 499 1020 aemulantibus.

296 1178 357 1246 46.
383 1170 529 1246 ainau
554 1167 591 1243 in
612 1169 769 1269 AEgypto
801 1168 967 1243 adversas
992 1165 1112 1239 Titum
1137 1167 1259 1244 studia.
1306 1170 1368 1239 lus

246 1302 336 1363 nato
369 1285 516 1361 Oriente
548 1286 707 1383 Zeugma
737 1288 874 1381 usque,²
904 1280 1164 1381 acceptique&
1199 1283 1368 1381 Vologese*

249 1400 379 1481 toroni
410 1398 530 1489 anea,
553 1398 796 1498 Hierosolyma
824 1399 1007 1473 reviserat:
1038 1397 1132 1487 dein,
1161 1398 1259 1473 urbis
1282 1396 1370 1472 runa

249 1516 456 1604 atrismanus,⁴
482 1514 679 1613 Memphim
707 1515 824 1590 venit.¹
875 1518 989 1604 Gens,
1017 1514 1242 1613 religionibus
1270 1514 1369 1599 dedita,

250 1648 312 1728 pet
323 1631 386 1706 has
401 1631 583 1729 gratificari
596 1629 812 1728 Principibus
827 1630 926 1705 solet.
976 1630 1085 1729 Igitur
1097 1646 1136 1701 ut
1149 1630 1370 1727 Vespasianum

247 1746 422 1823 iniraculia
435 1740 601 1819 auxerat⁶
617 1745 842 1835 Alexandria,
866 1744 914 1819 sic
937 1744 1113 1843 Memphis
1135 1744 1258 1817 Titum
1275 1742 1371 1839 Apidis

248 1860 504 1941 consectatione
528 1862 643 1959 (quod
663 1886 840 1939 summum
859 1880 910 1937 est
934 1862 1026 1959 apud
1051 1885 1112 1933 eos
1126 1859 1284 1953 sacrum)
1298 1884 1371 1933 euec-

248 1992 324 2047 tum
339 1975 459 2049 voluit.
510 1978 642 2073 Itaque,
658 1976 771 2073 prisco
787 1978 832 2051 de
849 2002 960 2067 more,
977 1976 1079 2072 Apis,
1095 1976 1181 2049 ciam
1199 1972 1371 2072 praeseripu

248 2090 381 2189 legibus
405 2090 512 2190 spatia
536 2092 616 2169 uitae
639 2076 860 2195 implevisset,
885 2116 982 2167 sacro
1007 2088 1104 2165 fonte
1120 2092 1299 2165 demerem
1315 2092 1370 2162 est'

288 2361 299 2390 ¹
324 2362 491 2423 Rurierihrra.
525 2368 641 2425 Straton.
667 2368 696 2425 in
723 2367 793 2425 Ves-
848 2365 959 2424 coronis
977 2366 1079 2433 astreis,
1100 2384 1171 2442 qtras
1194 2362 1317 2423 finiaimae
1335 2360 1370 2421 lu·

250 2462 310 2521 pas.
323 2462 398 2503 vrit.
418 2447 484 2524 Ipse
494 2448 695 2509 restitutionem
708 2445 792 2526 Capi:
848 2446 916 2505 duis
928 2460 1023 2524 gentes
1040 2455 1102 2524 post
1126 2445 1369 2522 Hierosolymorum

249 2525 312 2589 colii
319 2528 629 2604 aggressus,ruderibus
634 2530 791 2607 purgandis
847 2529 995 2586 excidium
1010 2528 1182 2598 obtulerant,
1205 2527 1340 2602 indignum
1351 2543 1369 2578 se

132 2653 135 2660 .
248 2607 791 2684 annarrsprimusaeluruait,ncauucollo
848 2611 1080 2686 pronuntiaverat
1113 2607 1208 2674 Titus,
1242 2607 1368 2664 dictitans:

249 2687 371 2759 quadam
381 2689 492 2746 extulit.
503 2690 525 2746 F
528 2689 605 2746 usius
621 2689 790 2758 Di0,axr1.
847 2709 876 2746 tc
901 2690 970 2747 tulin
998 2709 1051 2746 uun
1083 2687 1226 2766 puluis-se,
1256 2689 1302 2744 sed
1324 2685 1369 2742 Diu

159 2800 161 2803 ·
248 2783 278 2839 p.
292 2771 362 2836 749.
385 2767 495 2844 Operas
514 2769 581 2828 uero
601 2769 792 2848 Vespasianus
848 2770 919 2827 iram
937 2769 1060 2833 exerenti
1082 2789 1176 2826 irruens
1196 2787 1261 2828 suos
1281 2785 1369 2824 corruo

249 2847 383 2921 exemplo
404 2867 457 2905 suo
482 2849 523 2904 ita
542 2849 677 2922 incendit,
699 2864 732 2907 ut
751 2870 792 2908 se·
848 2849 938 2907 ‹Iris-se.
962 2849 1005 2905 Tul
1030 2849 1041 2904 'a'
1091 2847 1155 2904 ae'n
1176 2843 1227 2910 iem
1250 2843 1369 2910 {mariun

249 2927 348 3062 guenti
360 2945 436 2983 anno
453 2927 630 3003 triumphans
642 2949 709 2987 eum
725 2931 792 2988 Tito
848 2927 932 2997 uiris,
947 2930 958 2986 i
972 2922 997 2986 >l
1009 2928 1052 2984 oie
1069 2933 1074 2948 '
1092 2927 1129 2984 lou
1149 2927 1235 2984 ievrir
1246 2922 1369 2994 roirnpi

270 3005 310 3061 lio
323 3006 499 3084 Capitolium
520 3009 599 3066 adire
614 3009 750 3084 potuerit,
764 3023 793 3070 et
846 3009 898 3088 γιὶς
917 3009 990 3072 airis
1017 3013 1102 3066 seira
1129 3005 1270 3086 ιίςγᾶσθιι,
1291 3007 1338 3078 oti
1353 2995 1369 3056 ii

252 3084 328 3162 brevi
347 3106 402 3144 auo
414 3088 577 3166 principatu
592 3089 666 3148 illud
677 3091 792 3148 absolu-
847 3089 917 3172 igni·
931 3081 1034 3167 airam
1052 3081 1221 3146 initimum
1238 3083 1368 3162 eddim?

250 3179 312 3230 tum
339 3167 449 3238 uiderit,
481 3180 550 3228 teste
580 3169 736 3230 Plutarcho
763 3171 793 3228 in
847 3173 944 3247 χιῖςισ.

251 3246 292 3304 Po
314 3246 412 3316 licolai,
427 3270 455 3326 p.
472 3257 538 3318 104.
887 3259 901 3278 ’
922 3249 1029 3308 Ruiuus
1044 3249 1201 3306 nrisernlua.
1234 3245 1365 3316 nluuequ

324 3327 551 3406 Zerrguraasqae.
584 3329 789 3408 josepinssul.
849 3329 1020 3406 imprecatus
1057 3329 1188 3388 iudaicae
1226 3321 1365 3384 delectionis

250 3404 320 3483 lud.
333 3427 393 3468 var.
408 3415 436 3466 5.
455 3428 483 3467 n.
499 3416 527 3468 a.
549 3409 792 3489 Zeugma-uun-
847 3411 1025 3478 auctoribus,
1046 3410 1095 3486 qui
1118 3411 1146 3466 iu
1167 3407 1364 3484 pulcherrimam

248 3486 306 3543 situ
320 3487 474 3564 Euphratis
486 3491 585 3550 nobile.
609 3491 727 3551 Plinv.
742 3497 790 3551 24.
849 3491 946 3548 urbem
974 3499 1084 3548 tarnum
1107 3489 1244 3548 vastitatis
1269 3485 1364 3544 indute

249 3566 293 3627 lbi
303 3569 703 3644 castrumfuitlioiuanorum‚
713 3573 791 3649 quod
847 3581 925 3628 taut:
950 3572 1052 3628 iterum
1072 3571 1210 3646 professus
1230 3559 1362 3628 seminini

248 3647 344 3706 adhtoe
354 3648 462 3706 dicitur
473 3649 656 3710 Iluam-Cala.
848 3651 918 3706 selle
930 3670 965 3708 ex
981 3649 1145 3729 puniturum
1158 3649 1315 3711 calamitate
1325 3643 1362 3697 vir·

289 3723 510 3806 ³AVologeso.
544 3731 711 3810 vologesus,
724 3733 791 3791 Par·
846 3741 935 3788 tutem
960 3751 1043 3790 suam
1069 3731 1232 3790 clarescere.
1270 3721 1361 3798 loseph·

248 3805 363 3868 thorum
377 3831 439 3880 rex,
452 3803 492 3868 ad
503 3811 603 3870 Titum
621 3813 698 3871 misit
718 3813 791 3890 lega·
845 3810 901 3869 loc.
915 3811 965 3868 cit.

248 3895 303 3957 tos,
324 3890 375 3965 qui
398 3911 531 3949 coronam
550 3912 666 3950 auream
686 3893 712 3950 ei
739 3895 791 3951 ser·
885 3887 894 3922 ⁵
918 3891 1069 3970 Memphim
1082 3893 1167 3950 rereil.
1189 3893 1234 3950 De
1247 3887 1297 3948 hic
1310 3883 1360 3940 urbe

248 3982 320 4038 rent,
339 3984 368 4028 et
389 3971 542 4030 Judnicum
561 3971 707 4031 victoriam
730 3993 791 4048 gra·
840 3973 901 4046 jana
928 3972 1039 4030 dietum
1063 3993 1150 4050 supra
1178 3973 1252 4030 Hist.
1272 3986 1309 4026 rr.
1325 3967 1359 4021 il·

247 4049 418 4108 tularcntur.
459 4053 519 4110 llos
540 4050 608 4110 ciam
632 4055 789 4130 excepisset
846 4063 903 4110 not.
918 4053 967 4108 inf.
1344 4121 1348 4129 .

246 4129 339 4200 Titus,
353 4131 547 4202 Antiochiam,
569 4131 635 4190 inde
658 4133 790 4192 llieroso-
883 4125 1069 4192 “Miraculis
1083 4142 1209 4192 auxerat.
1243 4129 1306 4186 Hac
1322 4141 1356 4179 nl·

245 4209 335 4287 lyme,
351 4229 387 4269 ac
402 4213 514 4270 taudem
530 4211 733 4282 Alexandriam
747 4234 789 4274 re·
843 4212 944 4270 racula
957 4229 1112 4274 memoratu
1125 4227 1192 4272 suut
1210 4229 1290 4288 supra
1301 4205 1354 4264 iliu.

244 4308 355 4365 gressus
377 4305 428 4350 est.
477 4291 593 4368 loseph·
621 4294 694 4353 Bell.
718 4295 789 4356 Jud.
844 4310 888 4354 rr·
905 4299 952 4350 Sl.

174 4373 180 4395 '
246 4376 434 4431 v11.5.n.2.
456 4373 560 4442 Antea,
580 4388 699 4434 auctore
724 4376 790 4434 Phi·
883 4369 1067 4430 ⁷Demersus
1086 4381 1139 4432 est.
1174 4371 1265 4448 Hujus
1281 4379 1353 4440 supas·

245 4449 372 4522 lustrato,
404 4449 461 4510 Vir.
480 4453 635 4530 Apollonii,
663 4473 708 4514 vr.
741 4461 789 4525 99.
843 4451 1203 4517 stitionissacraaccurate
1217 4459 1352 4531 prosecutus
