2859 4950
296 292 350 345 ιη
659 286 693 345 c.
715 284 914 343 couuuuu
936 282 1074 381 rucupi

291 448 317 484 “
343 464 485 540 pugnae,
499 438 623 537 quibus
639 440 806 513 adversus
820 440 1000 528 Romanos
1011 435 1105 513 varii
1114 436 1255 513 fortuni
1269 457 1403 517 certatum

293 564 319 599 ‘⁶
345 572 410 645 est,
437 578 534 653 spem
563 582 602 629 ac
627 554 820 629 'subsidium
846 555 882 627 in
908 555 1033 629 nos'tn's
1061 555 1218 629 manibus
1246 556 1402 631 habebant:

292 680 319 715 “
346 670 426 769 quia
453 672 652 747 nobilissimi
678 673 783 745 totius
807 671 1007 760 Britanna,
1032 672 1147 768 ebque
1170 670 1207 743 in
1229 671 1307 768 ipsis
1330 698 1403 770 peue-

293 794 320 831 “
346 787 487 861 nalibus
512 788 578 878 siti,
606 814 670 863 nec
696 788 921 861 servientium
948 786 1063 860 littora
1085 787 1294 884 aspicientes,
1318 783 1403 861 ocula

295 911 321 945 “
350 929 490 1001 quoque
517 904 538 977 it
563 920 724 979 contactu
753 902 993 977 dominationis
1017 903 1195 977 inviolatos
1221 904 1401 976 habebamus

294 1024 319 1061 ‘⁶
345 1020 435 1109 Nos,
460 998 632 1093 terrarum
656 1045 695 1093 ac
722 1019 884 1093 libertatis
908 1036 1096 1107 extremos,
1125 1043 1278 1091 recessus
1301 1019 1403 1114 ipseu

294 1134 439 1209 “sinus
471 1134 575 1208 fama:
608 1137 644 1208 in
677 1137 771 1209 hunc
801 1136 893 1209 diem
922 1132 1097 1207 defendit:
1125 1158 1219 1207 nunc
1252 1135 1402 1207 terminus

295 1256 320 1291 ‘⁶
346 1249 533 1323 Britanniae
546 1267 659 1347 patet:
686 1268 790 1349 atque
802 1275 906 1322 omne
921 1250 1080 1347 ignotum
1097 1274 1162 1347 pro
1178 1248 1353 1348 magnifico
1365 1268 1403 1319 est.

295 1372 320 1407 “
346 1366 422 1460 Sed!
433 1365 530 1437 nulla
547 1370 618 1465 jam
644 1369 735 1439 ultra
760 1392 859 1464 gens,
886 1366 970 1437 nihil
993 1365 1056 1438 nisi
1083 1365 1209 1437 fluctus
1231 1384 1265 1437 et
1289 1380 1403 1451 sanuel

295 1486 321 1522 “
346 1476 537 1554 infestiores
556 1482 723 1555 Romani:
743 1508 894 1579 quorum
910 1482 1106 1581 superbiam
1124 1480 1252 1553 frustra
1267 1506 1326 1577 per
1339 1481 1403 1551 obse·

295 1602 321 1638 “
347 1595 468 1692 quium
485 1612 519 1668 et
535 1597 738 1669 modestiam
755 1597 937 1695 effugeris:
964 1616 1118 1693 raptores
1134 1597 1241 1685 orbis,
1258 1593 1403 1692 postquia

288 1716 320 1776 t‘
346 1726 471 1782 cuncta
486 1711 694 1785 vastantibus
716 1712 858 1785 defuere
881 1732 997 1802 terrae,
1022 1732 1056 1785 et
1081 1718 1199 1784 mare‘
1224 1727 1402 1784 scrutantur:

296 1832 321 1865 “
347 1825 546 1921 silocuples
563 1826 669 1899 hostis
687 1844 751 1916 est,
776 1829 889 1899 avari:
915 1828 943 1899 si
968 1852 1113 1925 pauper,
1136 1826 1324 1899 ambitiosi:
1346 1845 1403 1919 quot

296 1945 321 1981 ‘⁶
347 1962 419 2011 non
454 1940 593 2030 Oriens,
627 1966 699 2015 non
733 1944 919 2034 Occidens,
948 1943 1136 2017 satiaverit:
1163 1940 1229 2015 soli
1261 1942 1402 2023 omnium,

283 2060 321 2126 .“
347 2078 430 2151 opes
454 2072 557 2153 atque
581 2057 732 2155 inopiam
756 2059 829 2155 paui
856 2060 980 2132 affectu
997 2057 1268 2155 concupiscunt:
1293 2053 1402 2129 auterre

296 2175 321 2211 “
348 2168 531 2259 trucidare,
547 2196 668 2269 rapere
690 2170 781 2246 falsis
803 2173 1012 2261 nominibus,
1028 2174 1235 2269 inperium)-
1259 2191 1354 2271 atque
1371 2169 1402 2239 ub

296 2289 322 2327 “
347 2283 567 2359 solitudinem
583 2285 726 2378 faciunt,
736 2314 860 2385 pacem
875 2291 1111 2389 appellant.'’⁴

346 2531 405 2592 31.
433 2527 459 2564 ‘⁶
484 2523 652 2595 Lruunos
675 2521 802 2620 cuique
817 2549 856 2596 ac
873 2522 1085 2621 propinquos
1101 2548 1182 2598 suos
1197 2541 1319 2597 natura
1340 2516 1402 2593 caro

296 2641 321 2677 “
347 2633 452 2708 simos
469 2660 543 2710 esse
559 2637 689 2710 voluit:
717 2637 754 2709 hi
770 2663 833 2735 per
855 2639 1022 2727 delectus,
1046 2639 1125 2710 alibi
1141 2639 1325 2728 servitu1i‚⁵
1345 2629 1401 2708 aule

296 2755 322 2790 “
347 2765 494 2821 runtur:
533 2753 699 2850 conjuges
730 2777 937 2851 sororesque
969 2753 1031 2826 etsi
1066 2753 1228 2827 hostilem
1268 2753 1401 2828 hbidineu

295 2869 321 2905 “
346 2862 523 2962 effugiant,
540 2867 681 2938 nomine
702 2869 897 2942 amicarum*
908 2887 1012 2966 atque
1027 2871 1198 2966 hospitam
1214 2872 1400 2967 polluuntur.

296 2985 321 3022 ‘⁶
347 2979 447 3052 Bona
477 2979 702 3082 fortioresque
730 2985 767 3058 in
799 2986 968 3060 tributum
996 3002 1167 3086 egerunt3
1206 2986 1245 3059 in
1271 2994 1399 3059 annoual

337 3289 346 3316 ¹
370 3291 456 3350 Nunc
471 3291 615 3354 terminus.
639 3299 681 3354 ltu
695 3297 760 3356 libri
783 3319 844 3356 om·
894 3295 1188 3366 scrutabantur,·ci1m
1211 3293 1398 3353 Britanniauur

295 3391 343 3428 nes
356 3371 455 3449 scripti
470 3389 497 3432 ct
510 3375 589 3432 editi.
625 3379 844 3436 Atuliumscr-
893 3373 1018 3438 uroximi
1030 3376 1216 3435 Caledoniam
1230 3384 1356 3453 peremat.

297 3453 398 3509 borum
412 3454 539 3512 ordinem
561 3457 689 3532 postulat
709 3460 768 3534 ipse
783 3479 844 3516 sou·
935 3455 946 3488 ³
968 3459 1167 3516 Saliomaiam.
1189 3457 1234 3513 Ex
1247 3450 1397 3523 omuibuslt

294 3549 361 3598 sus;
381 3541 410 3588 ct
432 3533 600 3608 legendum:
621 3537 685 3595 Nor
703 3546 844 3597 terrarum
895 3539 1019 3597 minibus
1031 3538 1094 3596 soli.
1135 3536 1396 3608 omniurnadousl

295 3630 329 3668 ac
341 3609 482 3671 libertatis
495 3624 638 3685 extraneos,
652 3637 775 3676 arcessar
787 3619 845 3695 ipsc
892 3620 1004 3678 reseras.
1026 3657 1032 3666 ›
1389 3654 1396 3697 p

293 3691 517 3770 acrinussama
531 3695 559 3750 iu
581 3695 652 3754 lunc
666 3698 735 3756 diem
751 3701 845 3777 ἅψη-
932 3698 947 3732 ⁴
983 3699 1084 3756 Pacem
1117 3697 1269 3776 appellant.
1306 3691 1365 3750 lnulr
1380 3703 1394 3769 ·¹,

295 3770 357 3829 dit:
380 3789 464 3848 atquc
477 3791 554 3832 atrae
565 3775 690 3852 ignotum
699 3798 754 3854 pro
768 3799 844 3855 tnag-
891 3779 1078 3856 scriptoribus
1092 3791 1149 3836 tam
1162 3796 1236 3854 sape
1247 3774 1363 3833 occurrit
1370 3782 1395 3905 [p

294 3850 452 3926 raficam:
473 3855 523 3910 scd
540 3874 613 3913 naar
629 3858 762 3916 terminus
777 3859 843 3916 Bri·
893 3856 1036 3918 Romana:
1070 3869 1099 3916 et
1129 3859 1159 3916 iu
1188 3857 1309 3914 nummis
1334 3853 1393 3922 Pl„

295 3931 398 3990 tannia
406 3940 499 4008 patet:
512 3936 660 4013 nallajam
671 3939 750 3996 ultra
761 3958 841 4014 gras,
893 3941 980 3998 PAX
1004 3939 1096 3998 ORB
1106 3939 1142 3996 lS
1167 3932 1385 3994 rnnnnut't

294 4010 366 4068 nihil
384 4012 697 4089 nisiflactusrtsaaa:
718 4019 843 4094 etinfes·
932 4015 1044 4077 'Alibi
1062 4019 1206 4078 servituri.
1242 4017 1274 4073 ld
1302 4015 1392 4093 llouuuu

294 4090 381 4150 liores
405 4091 545 4162 Romarui,·
574 4096 603 4153 id
630 4107 682 4158 cst.
705 4097 841 4156 fluctibus
875 4110 1023 4167 ,corutum
1037 4121 1071 4157 uc
1085 4102 1113 4158 in
1127 4095 1220 4176 patriti
1234 4098 1375 4154 turbarent.

293 4172 432 4247 saxisque
458 4175 580 4235 seriores.
623 4176 698 4234 Vide
727 4190 786 4236 not.
812 4192 841 4238 ot
929 4173 1146 4238 ⁶Pollauutur.
1183 4181 1294 4237 llorum
1317 4165 1391 4246 flagiti

293 4253 404 4308 emend.
417 4253 454 4310 ad
468 4272 533 4331 cap.
544 4263 595 4319 30.
891 4279 954 4317 rum
969 4260 1106 4342 exempla
1121 4261 1242 4320 uidimus
1253 4273 1335 4334 supra
1352 4250 1392 4395 ii

335 4325 348 4356 ²
369 4333 410 4390 Et
426 4353 512 4393 marr.
535 4336 567 4392 ld
587 4347 638 4408 est,
655 4337 741 4396 etiam
764 4357 841 4396 mare
892 4357 960 4400 stru.
973 4347 1023 4401 31.

292 4425 467 4472 scruutuutur.
509 4415 594 4475 Certe
619 4419 743 4477 llomani
764 4437 842 4479 usare
