<?xml version="1.0" encoding="UTF-8"?>
<!DOCTYPE html PUBLIC "-//W3C//DTD XHTML 1.0 Transitional//EN"
    "http://www.w3.org/TR/xhtml1/DTD/xhtml1-transitional.dtd">
<html xmlns="http://www.w3.org/1999/xhtml" xml:lang="en" lang="en">
 <head>
  <title>
</title>
<meta http-equiv="Content-Type" content="text/html;charset=utf-8" />
  <meta name='ocr-system' content='tesseract 3.04.00' />
  <meta name='ocr-capabilities' content='ocr_page ocr_carea ocr_par ocr_line ocrx_word'/>
</head>
<body>
  <div class='ocr_page' id='page_1' title='image "./ccorntacitioper01valpgoog_0254.png"; bbox 0 0 2859 4950; ppageno 0'>
   <div class='ocr_carea' id='block_1_1' title="bbox 248 294 1377 370">
    <p class='ocr_par' dir='ltr' id='par_1_1' title="bbox 248 294 1377 370">
     <span class='ocr_line' id='line_1_1' title="bbox 248 294 1377 370; baseline -0.004 -2"><span class='ocrx_word' id='word_1_1' title='bbox 248 313 307 368; x_wconf 71' lang='lat'><strong>242</strong></span> <span class='ocrx_word' id='word_1_2' title='bbox 639 294 978 362; x_wconf 77' lang='lat' dir='ltr'>SUPPLEMENTUM</span> <span class='ocrx_word' id='word_1_3' title='bbox 1181 302 1220 360; x_wconf 79' lang='grc' dir='ltr'><strong>Α.</strong></span> <span class='ocrx_word' id='word_1_4' title='bbox 1229 298 1272 362; x_wconf 78' lang='lat' dir='ltr'><strong>U:</strong></span> <span class='ocrx_word' id='word_1_5' title='bbox 1277 299 1310 362; x_wconf 85' lang='lat' dir='ltr'><strong>C.</strong></span> <span class='ocrx_word' id='word_1_6' title='bbox 1321 305 1377 370; x_wconf 66' lang='lat' dir='ltr'><strong>ills</strong></span> 
     </span>
    </p>
   </div>
   <div class='ocr_carea' id='block_1_2' title="bbox 250 452 1380 1138">
    <p class='ocr_par' dir='ltr' id='par_1_2' title="bbox 250 452 1380 1138">
     <span class='ocr_line' id='line_1_2' title="bbox 250 452 1378 558; baseline -0.004 -22"><span class='ocrx_word' id='word_1_7' title='bbox 250 457 383 536; x_wconf 81' lang='lat' dir='ltr'><strong>evadit:</strong></span> <span class='ocrx_word' id='word_1_8' title='bbox 423 453 579 558; x_wconf 82' lang='lat' dir='ltr'><strong>marique</strong></span> <span class='ocrx_word' id='word_1_9' title='bbox 609 453 676 530; x_wconf 88' lang='lat' dir='ltr'><strong>alio</strong></span> <span class='ocrx_word' id='word_1_10' title='bbox 721 452 935 552; x_wconf 74' lang='lat' dir='ltr'><strong>Nicopolim,</strong></span> <span class='ocrx_word' id='word_1_11' title='bbox 976 453 1175 530; x_wconf 80' lang='lat' dir='ltr'>Romanam</span> <span class='ocrx_word' id='word_1_12' title='bbox 1219 457 1378 549; x_wconf 85' lang='lat' dir='ltr'><strong>coloniam,</strong></span> 
     </span>
     <span class='ocr_line' id='line_1_3' title="bbox 250 569 1379 678; baseline -0.006 -26"><span class='ocrx_word' id='word_1_13' title='bbox 250 579 438 678; x_wconf 87' lang='lat' dir='ltr'><strong>ingressus,</strong></span> <span class='ocrx_word' id='word_1_14' title='bbox 469 571 516 647; x_wconf 89' lang='lat' dir='ltr'><strong>ibi</strong></span> <span class='ocrx_word' id='word_1_15' title='bbox 548 573 692 646; x_wconf 87' lang='lat' dir='ltr'><strong>demum</strong></span> <span class='ocrx_word' id='word_1_16' title='bbox 720 569 921 670; x_wconf 51' lang='lat' dir='ltr'><strong>cognoscit,x</strong></span> <span class='ocrx_word' id='word_1_17' title='bbox 937 570 1106 670; x_wconf 19' lang='lat' dir='ltr'><strong>*solertids</strong></span> <span class='ocrx_word' id='word_1_18' title='bbox 1143 571 1379 671; x_wconf 87' lang='lat' dir='ltr'><strong>interrogatum,</strong></span> 
     </span>
     <span class='ocr_line' id='line_1_4' title="bbox 252 685 1380 790; baseline -0.004 -23"><span class='ocrx_word' id='word_1_19' title='bbox 252 702 278 738; x_wconf 89' lang='lat'><strong>“</strong></span> <span class='ocrx_word' id='word_1_20' title='bbox 304 691 462 790; x_wconf 87' lang='lat' dir='ltr'><strong>quisnam</strong></span> <span class='ocrx_word' id='word_1_21' title='bbox 506 685 636 779; x_wconf 88' lang='lat' dir='ltr'><strong>foret,”</strong></span> <span class='ocrx_word' id='word_1_22' title='bbox 663 685 803 777; x_wconf 83' lang='lat' dir='ltr'><strong>dixisse,</strong></span> <span class='ocrx_word' id='word_1_23' title='bbox 838 695 864 731; x_wconf 89' lang='lat'>“</span> <span class='ocrx_word' id='word_1_24' title='bbox 888 689 943 760; x_wconf 90' lang='lat' dir='ltr'><strong>M.</strong></span> <span class='ocrx_word' id='word_1_25' title='bbox 985 685 1102 762; x_wconf 87' lang='lat' dir='ltr'><strong>Silano</strong></span> <span class='ocrx_word' id='word_1_26' title='bbox 1142 687 1380 787; x_wconf 87' lang='lat' dir='ltr'><strong>genitum‚”et</strong></span> 
     </span>
     <span class='ocr_line' id='line_1_5' title="bbox 252 784 1380 902; baseline -0.008 -17"><span class='ocrx_word' id='word_1_27' title='bbox 252 807 370 886; x_wconf 86' lang='lat' dir='ltr'><strong>multis</strong></span> <span class='ocrx_word' id='word_1_28' title='bbox 398 819 606 880; x_wconf 89' lang='lat' dir='ltr'><strong>sectatorum</strong></span> <span class='ocrx_word' id='word_1_29' title='bbox 641 803 791 902; x_wconf 75' lang='lat' dir='ltr'>dilapsis,</span> <span class='ocrx_word' id='word_1_30' title='bbox 828 784 1019 878; x_wconf 77' lang='lat' dir='ltr'><strong>ascendisse</strong></span> <span class='ocrx_word' id='word_1_31' title='bbox 1054 827 1193 892; x_wconf 86' lang='lat' dir='ltr'><strong>navem,</strong></span> <span class='ocrx_word' id='word_1_32' title='bbox 1230 819 1380 901; x_wconf 79' lang='lat' dir='ltr'><strong>tamquam</strong></span> 
     </span>
     <span class='ocr_line' id='line_1_6' title="bbox 250 917 1379 1022; baseline -0.008 -23"><span class='ocrx_word' id='word_1_33' title='bbox 250 924 382 1000; x_wconf 86' lang='lat' dir='ltr'><strong>ltaliam</strong></span> <span class='ocrx_word' id='word_1_34' title='bbox 397 939 545 1022; x_wconf 87' lang='lat' dir='ltr'><strong>peteret:</strong></span> <span class='ocrx_word' id='word_1_35' title='bbox 572 919 774 1018; x_wconf 79' lang='lat' dir='ltr'><strong>scripsitque</strong></span> <span class='ocrx_word' id='word_1_36' title='bbox 786 919 863 994; x_wconf 85' lang='lat' dir='ltr'><strong>haec</strong></span> <span class='ocrx_word' id='word_1_37' title='bbox 879 917 1043 994; x_wconf 86' lang='lat' dir='ltr'><strong>Tiberio:</strong></span> <span class='ocrx_word' id='word_1_38' title='bbox 1069 943 1186 1019; x_wconf 90' lang='lat' dir='ltr'><strong>neque</strong></span> <span class='ocrx_word' id='word_1_39' title='bbox 1210 943 1274 992; x_wconf 91' lang='lat' dir='ltr'><strong>nos</strong></span> <span class='ocrx_word' id='word_1_40' title='bbox 1298 918 1379 1017; x_wconf 77' lang='lat' dir='ltr'><strong>origi·</strong></span> 
     </span>
     <span class='ocr_line' id='line_1_7' title="bbox 251 1035 1016 1138; baseline -0.005 -24"><span class='ocrx_word' id='word_1_41' title='bbox 251 1064 334 1116; x_wconf 86' lang='lat' dir='ltr'><strong>nem</strong></span> <span class='ocrx_word' id='word_1_42' title='bbox 350 1037 499 1114; x_wconf 82' lang='lat' dir='ltr'><strong>finemve</strong></span> <span class='ocrx_word' id='word_1_43' title='bbox 515 1039 588 1138; x_wconf 85' lang='lat' dir='ltr'><strong>ejus</strong></span> <span class='ocrx_word' id='word_1_44' title='bbox 604 1035 654 1112; x_wconf 90' lang='lat' dir='ltr'><strong>rei</strong></span> <span class='ocrx_word' id='word_1_45' title='bbox 668 1037 758 1110; x_wconf 90' lang='lat' dir='ltr'><strong>ultra</strong></span> <span class='ocrx_word' id='word_1_46' title='bbox 773 1036 1016 1135; x_wconf 80' lang='lat' dir='ltr'><strong>comperimus.</strong></span> 
     </span>
    </p>
   </div>
   <div class='ocr_carea' id='block_1_3' title="bbox 251 1263 1391 1946">
    <p class='ocr_par' dir='ltr' id='par_1_3' title="bbox 251 1263 1391 1946">
     <span class='ocr_line' id='line_1_8' title="bbox 301 1263 1391 1365; baseline -0.006 -21"><span class='ocrx_word' id='word_1_47' title='bbox 301 1283 362 1344; x_wconf 88' lang='lat'><strong>51.</strong></span> <span class='ocrx_word' id='word_1_48' title='bbox 388 1263 524 1344; x_wconf 67' lang='lat' dir='ltr'><strong>Exitu</strong></span> <span class='ocrx_word' id='word_1_49' title='bbox 547 1265 641 1356; x_wconf 87' lang='lat' dir='ltr'><strong>anni,</strong></span> <span class='ocrx_word' id='word_1_50' title='bbox 663 1265 724 1340; x_wconf 91' lang='lat' dir='ltr'><strong>diu</strong></span> <span class='ocrx_word' id='word_1_51' title='bbox 749 1283 850 1342; x_wconf 90' lang='lat' dir='ltr'><strong>aucta</strong></span> <span class='ocrx_word' id='word_1_52' title='bbox 872 1267 1043 1344; x_wconf 80' lang='lat' dir='ltr'>discordia</span> <span class='ocrx_word' id='word_1_53' title='bbox 1067 1267 1253 1344; x_wconf 83' lang='lat' dir='ltr'><strong>consulum</strong></span> <span class='ocrx_word' id='word_1_54' title='bbox 1267 1266 1391 1365; x_wconf 60' lang='lat' dir='ltr'><strong>erupis,</strong></span> 
     </span>
     <span class='ocr_line' id='line_1_9' title="bbox 252 1379 1381 1482; baseline -0.005 -22"><span class='ocrx_word' id='word_1_55' title='bbox 252 1409 334 1460; x_wconf 90' lang='lat' dir='ltr'><strong>nam</strong></span> <span class='ocrx_word' id='word_1_56' title='bbox 359 1383 459 1472; x_wconf 80' lang='lat' dir='ltr'><strong>Trio,</strong></span> <span class='ocrx_word' id='word_1_57' title='bbox 475 1379 582 1457; x_wconf 87' lang='lat' dir='ltr'><strong>facilis</strong></span> <span class='ocrx_word' id='word_1_58' title='bbox 603 1381 820 1482; x_wconf 78' lang='lat' dir='ltr'>capessendis</span> <span class='ocrx_word' id='word_1_59' title='bbox 844 1381 1039 1474; x_wconf 80' lang='lat' dir='ltr'><strong>inindcitiis,</strong></span> <span class='ocrx_word' id='word_1_60' title='bbox 1063 1403 1099 1458; x_wconf 90' lang='lat' dir='ltr'><strong>et</strong></span> <span class='ocrx_word' id='word_1_61' title='bbox 1121 1381 1202 1458; x_wconf 86' lang='lat' dir='ltr'><strong>foro</strong></span> <span class='ocrx_word' id='word_1_62' title='bbox 1223 1383 1381 1469; x_wconf 84' lang='lat' dir='ltr'><strong>exercitus,</strong></span> 
     </span>
     <span class='ocr_line' id='line_1_10' title="bbox 254 1496 1380 1600; baseline -0.003 -26"><span class='ocrx_word' id='word_1_63' title='bbox 254 1510 280 1546; x_wconf 87' lang='lat'><strong>“</strong></span> <span class='ocrx_word' id='word_1_64' title='bbox 298 1517 336 1574; x_wconf 94' lang='lat' dir='ltr'><strong>ut</strong></span> <span class='ocrx_word' id='word_1_65' title='bbox 358 1523 501 1600; x_wconf 81' lang='lat' dir='ltr'><strong>segnem</strong></span> <span class='ocrx_word' id='word_1_66' title='bbox 528 1497 709 1598; x_wconf 87' lang='lat' dir='ltr'><strong>Regulum</strong></span> <span class='ocrx_word' id='word_1_67' title='bbox 737 1499 783 1572; x_wconf 88' lang='lat' dir='ltr'><strong>ad</strong></span> <span class='ocrx_word' id='word_1_68' title='bbox 808 1499 1054 1597; x_wconf 85' lang='lat' dir='ltr'><strong>opprimendos</strong></span> <span class='ocrx_word' id='word_1_69' title='bbox 1078 1499 1194 1600; x_wconf 86' lang='lat' dir='ltr'><strong>Sejani</strong></span> <span class='ocrx_word' id='word_1_70' title='bbox 1210 1496 1380 1572; x_wconf 58' lang='lat' dir='ltr'><strong>mianum</strong></span> 
     </span>
     <span class='ocr_line' id='line_1_11' title="bbox 251 1611 1380 1715; baseline -0.004 -24"><span class='ocrx_word' id='word_1_71' title='bbox 251 1613 391 1715; x_wconf 68' lang='lat' dir='ltr'><strong>oblique</strong></span> <span class='ocrx_word' id='word_1_72' title='bbox 435 1611 697 1711; x_wconf 74' lang='lat' dir='ltr'><strong>perstrinxerat:</strong></span> <span class='ocrx_word' id='word_1_73' title='bbox 735 1614 808 1703; x_wconf 90' lang='lat' dir='ltr'><strong>ille,</strong></span> <span class='ocrx_word' id='word_1_74' title='bbox 845 1615 910 1690; x_wconf 85' lang='lat' dir='ltr'><strong>nisi</strong></span> <span class='ocrx_word' id='word_1_75' title='bbox 948 1617 1186 1706; x_wconf 73' lang='lat' dir='ltr'><strong>lacesseretur,</strong></span> <span class='ocrx_word' id='word_1_76' title='bbox 1229 1612 1380 1688; x_wconf 77' lang='lat' dir='ltr'><strong>modestia</strong></span> 
     </span>
     <span class='ocr_line' id='line_1_12' title="bbox 252 1727 1381 1832; baseline -0.006 -26"><span class='ocrx_word' id='word_1_77' title='bbox 252 1732 415 1820; x_wconf 87' lang='lat' dir='ltr'><strong>retinens,</strong></span> <span class='ocrx_word' id='word_1_78' title='bbox 454 1753 527 1802; x_wconf 90' lang='lat' dir='ltr'><strong>non</strong></span> <span class='ocrx_word' id='word_1_79' title='bbox 554 1727 663 1804; x_wconf 76' lang='lat' dir='ltr'><strong>modo</strong></span> <span class='ocrx_word' id='word_1_80' title='bbox 693 1729 821 1804; x_wconf 87' lang='lat' dir='ltr'><strong>retudit</strong></span> <span class='ocrx_word' id='word_1_81' title='bbox 850 1731 1033 1832; x_wconf 83' lang='lat' dir='ltr'><strong>collegam,</strong></span> <span class='ocrx_word' id='word_1_82' title='bbox 1059 1733 1121 1806; x_wconf 90' lang='lat' dir='ltr'><strong>sed</strong></span> <span class='ocrx_word' id='word_1_83' title='bbox 1150 1738 1235 1804; x_wconf 90' lang='lat' dir='ltr'><strong>“ut</strong></span> <span class='ocrx_word' id='word_1_84' title='bbox 1261 1729 1381 1802; x_wconf 81' lang='lat' dir='ltr'><strong>noxium</strong></span> 
     </span>
     <span class='ocr_line' id='line_1_13' title="bbox 254 1843 1380 1946; baseline -0.009 -24"><span class='ocrx_word' id='word_1_85' title='bbox 254 1855 281 1893; x_wconf 88' lang='lat'>“</span> <span class='ocrx_word' id='word_1_86' title='bbox 297 1843 563 1946; x_wconf 81' lang='lat' dir='ltr'><strong>conjurationis”</strong></span> <span class='ocrx_word' id='word_1_87' title='bbox 600 1845 644 1918; x_wconf 87' lang='lat' dir='ltr'><strong>ad</strong></span> <span class='ocrx_word' id='word_1_88' title='bbox 682 1843 953 1944; x_wconf 84' lang='lat' dir='ltr'><strong>disqnisitiooem</strong></span> <span class='ocrx_word' id='word_1_89' title='bbox 984 1848 1152 1922; x_wconf 85' lang='lat' dir='ltr'><strong>trahebat.</strong></span> <span class='ocrx_word' id='word_1_90' title='bbox 1217 1844 1380 1939; x_wconf 83' lang='lat' dir='ltr'><strong>Multisque</strong></span> 
     </span>
    </p>
   </div>
   <div class='ocr_carea' id='block_1_4' title="bbox 187 1959 1380 2198">
    <p class='ocr_par' dir='ltr' id='par_1_4' title="bbox 187 1959 1380 2198">
     <span class='ocr_line' id='line_1_14' title="bbox 255 1959 1380 2061; baseline 0 -27"><span class='ocrx_word' id='word_1_91' title='bbox 255 1969 393 2060; x_wconf 75' lang='lat' dir='ltr'><strong>panum</strong></span> <span class='ocrx_word' id='word_1_92' title='bbox 405 1959 591 2054; x_wconf 87' lang='lat' dir='ltr'><strong>orantibus,</strong></span> <span class='ocrx_word' id='word_1_93' title='bbox 610 1979 781 2060; x_wconf 87' lang='lat' dir='ltr'><strong>ponerent</strong></span> <span class='ocrx_word' id='word_1_94' title='bbox 794 1961 919 2037; x_wconf 86' lang='lat' dir='ltr'><strong>odiain</strong></span> <span class='ocrx_word' id='word_1_95' title='bbox 930 1963 1124 2061; x_wconf 75' lang='lat' dir='ltr'><strong>perniciem</strong></span> <span class='ocrx_word' id='word_1_96' title='bbox 1135 1962 1239 2052; x_wconf 84' lang='lat' dir='ltr'><strong>itura,</strong></span> <span class='ocrx_word' id='word_1_97' title='bbox 1251 1981 1380 2034; x_wconf 66' lang='lat' dir='ltr'><strong>manere</strong></span> 
     </span>
     <span class='ocr_line' id='line_1_15' title="bbox 187 2073 1269 2198; baseline -0.002 -44"><span class='ocrx_word' id='word_1_98' title='bbox 187 2185 197 2198; x_wconf 33' lang='lat'><strong><em>‘</em></strong></span> <span class='ocrx_word' id='word_1_99' title='bbox 254 2073 377 2154; x_wconf 82' lang='lat' dir='ltr'><strong>infensi</strong></span> <span class='ocrx_word' id='word_1_100' title='bbox 394 2101 433 2154; x_wconf 85' lang='lat' dir='ltr'><strong>ac</strong></span> <span class='ocrx_word' id='word_1_101' title='bbox 449 2075 656 2168; x_wconf 80' lang='lat' dir='ltr'><strong>minitantes,</strong></span> <span class='ocrx_word' id='word_1_102' title='bbox 668 2076 780 2152; x_wconf 87' lang='lat' dir='ltr'><strong>donec</strong></span> <span class='ocrx_word' id='word_1_103' title='bbox 797 2075 998 2178; x_wconf 76' lang='lat' dir='ltr'><strong>magistratu</strong></span> <span class='ocrx_word' id='word_1_104' title='bbox 1008 2078 1152 2156; x_wconf 80' lang='lat' dir='ltr'><strong>abirent.</strong></span> <span class='ocrx_word' id='word_1_105' title='bbox 1262 2083 1269 2092; x_wconf 86' lang='lat'>&#39;</span> 
     </span>
    </p>
   </div>
   <div class='ocr_carea' id='block_1_5' title="bbox 0 0 1446 4950">
    <p class='ocr_par' dir='ltr' id='par_1_5' title="bbox 0 0 1446 4950">
     <span class='ocr_line' id='line_1_16' title="bbox 0 0 1446 4950; baseline 0 0"><span class='ocrx_word' id='word_1_106' title='bbox 0 0 1446 4950; x_wconf 95' lang='lat' dir='ltr'><strong> </strong></span> 
     </span>
    </p>
   </div>
  </div>
 </body>
</html>
