2859 4950
37 295 59 353 J.
71 290 103 351 C.
116 284 167 347 46·
330 289 440 350 LIBRI
464 288 616 351 DEClllll
642 290 886 356 ANNALIUM.

1147 310 1219 374 affl·

76 457 135 519 83.
162 444 382 519 Nosraura
416 444 574 537 coelum‚¹
611 470 692 521 suas
720 448 889 525 umbras‘
917 450 1043 547 mirati,
1071 457 1136 558 ipsi
1166 462 1206 536 in

36 567 125 639 Urbe
153 562 420 662 peregrinitatis
437 562 537 637 avidi
562 561 780 638 admirationi
796 564 906 644 fuere.
957 572 1015 644 Ex
1031 572 1072 648 iis
1086 577 1207 677 cogni-

34 702 99 755 tum
116 687 143 722 “
156 678 228 763 sua
246 680 290 753 in
302 680 416 755 insula
432 681 621 780 quingenta
636 706 712 755 esse,
725 682 875 781 oppida:
893 687 1205 767 Palaesimundum⁸

34 806 53 842 “
74 794 246 870 omnium
274 798 324 871 ibi
354 797 659 889 clarissimusque
687 800 821 899 regiam
845 822 917 878 cc,
934 806 1020 880 mill.
1045 810 1206 908 plebisz⁴

33 923 224 987 “servum
257 914 413 989 neniini:
452 940 525 989 non
553 914 590 987 in
618 915 711 989 diem
745 935 804 991 aut
832 919 982 995 interdiu
1013 951 1202 1004 somnum:

33 1040 53 1077 “
74 1055 180 1129 agros
211 1031 406 1131 diligenter
422 1030 512 1105 coli:
539 1029 616 1105 vitis
631 1057 736 1105 usum
752 1034 825 1109 non
841 1042 942 1129 esse,⁵
966 1042 1079 1138 pomis
1094 1046 1204 1119 abma-

32 1156 51 1191 “
72 1149 156 1220 dare
169 1144 211 1221 :⁶
239 1174 320 1223 esse
335 1149 372 1221 in
388 1148 519 1247 piscatu
544 1150 771 1248 voluptatem,
796 1155 1010 1231 testudinum
1034 1160 1203 1253 maxime,

36 1274 236 1363 “quarum
274 1266 458 1364 superficie
487 1263 631 1340 familias
664 1267 893 1344 habitantium
924 1284 1204 1375 contegerentt⁷

34 1380 229 1456 “edificia
262 1383 402 1458 modicd
425 1386 469 1457 ab
497 1384 606 1458 humo
633 1402 777 1461 extare:
805 1412 980 1464 annonam
1007 1416 1203 1492 numquam

67 1874 239 1935 'Nostrum
254 1878 363 1937 calum.
405 1878 588 1938 Mirabantur
683 1876 861 1937 *camin
873 1878 971 1955 plebi-r.
1000 1878 1198 1955 Agriculturae

36 1958 501 2035 Septemtrionalisplagaesidera,
521 1980 587 2038 quae
644 1961 751 2030 studio,
785 1979 874 2038 parco
907 1958 997 2028 victu,
1037 1957 1196 2018 humilibus

37 2040 135 2098 nonita
146 2052 305 2109 noverant,
327 2041 355 2097 in
371 2042 519 2099 Australia
533 2061 587 2099 sua
645 2042 785 2111 aediliciis,
811 2039 913 2119 populi
939 2037 1109 2117 frequentia,
1130 2042 1198 2119 plu-

35 2119 114 2179 aidera
143 2121 241 2198 magia
275 2122 384 2181 intenti.
428 2122 500 2179 Plin.
530 2122 587 2181 loc.
644 2123 751 2181 timum
770 2123 872 2179 veteris
895 2119 1083 2198 hodiernique
1095 2122 1214 2183 Sinen·r

39 2202 78 2257 cit.
117 2200 346 2279 septemtriones
390 2202 587 2280 Vergiliosque
643 2203 718 2261 sium
739 2201 811 2261 riths
824 2202 1216 2279 habebant'l'aprobanitae..

36 2284 99 2357 apud
112 2302 173 2354 uos,
196 2286 292 2343 aelati
313 2302 383 2342 novo
405 2286 481 2353 calo,
501 2284 587 2341 mira·
644 2285 677 2341 ln
689 2303 789 2342 eorum
804 2303 922 2361 quoquo
933 2283 1084 2361 scripturi·
1098 2303 1195 2343 versuo

37 2362 136 2423 luatur.
180 2366 283 2423 Addit
307 2364 418 2421 Plinius
444 2364 584 2442 Canopum
641 2383 698 2423 uon
727 2365 757 2421 in
786 2379 976 2424 transversum
1009 2365 1129 2435 externi,
1159 2378 1194 2424 ut

38 2443 116 2503 lacere
145 2446 291 2519 noctibus,
321 2446 398 2505 sidus
426 2444 524 2522 ingens
556 2454 585 2504 et
640 2446 720 2524 apud
739 2464 800 2518 nos,
819 2446 878 2515 sed,
901 2458 933 2503 ut
955 2445 1034 2522 apud
1055 2446 1194 2516 Sinensea,

37 2525 140 2583 clarum.
184 2527 279 2586 Errat
302 2538 411 2597 autem,
432 2541 485 2586 aut
507 2527 585 2585 fefel-
640 2526 659 2583 a
682 2527 788 2585 vertice
805 2529 842 2585 ad
860 2526 994 2588 inferiora
1014 2525 1091 2584 linea
1113 2528 1198 2586 rectl⁴

38 2603 84 2662 lere
95 2606 192 2684 legati,
214 2629 251 2668 ne
268 2608 376 2666 Lunam
390 2609 497 2685 quidem
509 2603 585 2685 irpnd
640 2609 770 2666 deducti.
789 2609 863 2667 Vide
874 2609 1037 2666 Diodorum
1046 2607 1192 2680 Siculum,

38 2683 108 2758 ipsos,
128 2691 186 2746 uiri
206 2693 244 2748 ab
267 2689 369 2749 octovd
384 2691 423 2747 od
441 2685 478 2746 16
496 2709 583 2766 supra
642 2707 678 2746 11.
692 2695 742 2754 57.

40 2775 131 2826 terram
144 2773 386 2850 uspicifotentes.
422 2770 496 2828 Plin.
512 2770 582 2829 ibid.
680 2767 784 2826 ⁵Non
805 2788 872 2826 esre.
915 2769 1003 2826 llaud
1031 2769 1095 2828 verb
1123 2769 1190 2849 ergd

71 2843 174 2910 ²Suar
194 2855 320 2910 umbros.
363 2852 412 2909 Ob
435 2863 581 2910 mutatum
641 2850 801 2921 lambulus,
823 2851 901 2926 apud
922 2850 1085 2908 Diodorum
1107 2852 1191 2911 Sicu-

38 2925 132 3000 lorum,
167 2948 293 2992 mutatae
327 2950 426 2991 eorum
463 2933 581 3002 ambite,
639 2931 712 3002 lum,
741 2949 778 2988 11.
802 2937 850 2999 59.
877 2932 916 2988 ibi
941 2923 1010 2989 vites
1032 2933 1191 3011 vinumque

40 3012 125 3068 nonin
138 3018 276 3086 Austros,
293 3017 342 3074 sed
355 3016 383 3072 in
398 3013 583 3088 Septemtrio-

41 3107 78 3147 nes
89 3095 245 3156 cadebant.
279 3097 362 3156 Unde
376 3095 497 3165 Plinius,
510 3093 581 3151 ibid.

43 3170 152 3232 lloaimd
180 3179 285 3236 mirum
312 3178 347 3234 iis
368 3184 441 3243 erat,
470 3176 581 3250 ambros

40 3270 92 3340 trae
103 3255 130 3315 in
143 3267 275 3318 nostrum
289 3259 383 3318 celum
393 3257 507 3325 cedma
525 3275 580 3313 non

39 3351 154 3397 tranum.

71 3409 344 3479 'Poterimundum
385 3416 484 3494 Vulgo
518 3435 578 3474 cre-

40 3493 107 3555 ditur
138 3503 242 3559 urbem
272 3499 353 3557 illam
385 3499 481 3567 luisse,
515 3517 580 3574 quta

42 3593 107 3637 nunc
127 3583 238 3640 dicitur
250 3579 485 3662 Jtajirnopotnom,
507 3580 580 3636 cele-

41 3656 180 3721 berrimum
205 3665 383 3722 Batavorum
405 3659 576 3738 emporium.

44 3734 107 3799 Polli
126 3755 223 3802 autern
236 3742 337 3820 linguai
351 3740 453 3800 ludica
472 3741 578 3818 signifi-

639 3022 788 3070 memorat.
831 3012 954 3069 Minime
990 3024 1083 3070 taruco
1119 3028 1189 3086 tunc

639 3095 736 3169 ignota
762 3090 826 3150 ritis
846 3092 891 3149 rel
919 3094 948 3148 iu
970 3094 1038 3170 ipsis
1063 3095 1191 3152 Orientis

640 3175 755 3232 finibus,
798 3172 896 3231 Vitem
916 3174 990 3230 eriim
1006 3175 1037 3232 in
1051 3174 1134 3242 Sinas
1147 3176 1190 3232 in·

640 3258 719 3313 auxit
735 3253 951 3331 Tchoug·Kien‚
964 3254 1015 3331 qui
1029 3275 1105 3312 anno
1122 3263 1189 3317 122.

640 3347 706 3393 ante
721 3336 869 3393 Christum
883 3349 982 3392 extera
997 3355 1082 3411 regna
1094 3337 1131 3393 ad
1145 3337 1191 3395 Sl·

638 3437 742 3475 narum
771 3417 961 3473 Occidentem
988 3419 1081 3493 posita
1106 3418 1189 3490 adiit,
1283 3461 1289 3470 ,

638 3499 706 3556 edm
722 3498 876 3574 imperator
888 3509 959 3555 esset
972 3498 1080 3557 ltin-ti.

678 3573 691 3604 ⁶
723 3577 818 3636 Pontis
851 3579 1004 3636 abundare.
1054 3579 1188 3640 Maxime

637 3659 762 3734 Assyriis
785 3654 945 3735 citreisque'
960 3660 1052 3732 malis,
1071 3674 1101 3719 et
1122 3661 1187 3721 aliis

637 3741 663 3797 id
679 3759 769 3816 genus
782 3741 942 3808 arboribus,
954 3760 1019 3816 qum
1033 3737 1082 3818 pei
1093 3753 1187 3800 totum

43 3833 80 3878 cat
108 3827 245 3902 oppidum,
284 3839 337 3883 aut
368 3823 576 3882 habitationem,
634 3840 742 3878 atinum
766 3821 910 3879 fructibus
932 3823 1107 3900 floribusque
1119 3834 1187 3881 sunt
1281 3856 1284 3869 ·

43 3897 270 3965 Palaesimundum
289 3917 331 3963 cst
348 3905 415 3982 ergo
435 3903 574 3980 oppidum

46 3977 179 4059 Simundi;
200 4000 230 4046 et
244 3989 309 4045 inde
323 3999 386 4044 tota
399 3985 493 4044 inulla
508 3985 575 4042 Pto·

42 4055 135 4136 lemao,
156 4087 214 4128 vrr.
241 4075 271 4126 4.
298 4068 406 4126 dicitur
432 4065 574 4123 habitatio

45 4137 171 4223 timendi,
189 4148 278 4208 adm
292 4155 552 4206 aanoruaor.

635 3901 768 3980 gravida.

675 3979 688 4014 ⁷
717 3981 917 4061 Contegerent.
957 3982 1061 4053 Tanti,
1091 3985 1188 4061 inquit

636 4065 758 4203 Pighius,
778 4065 847 4123 ibid.
874 4064 1056 4139 reperiuntur
1077 4066 1186 4141 magni·

636 4157 665 4204 tu
689 4165 745 4204 me.
