2859 4950
683 113 695 148 Ι

227 325 285 401 ³9⁸
389 273 391 286 ⁴
617 322 653 388 e,
675 236 876 380 coitunmr
896 318 1036 382 morri
1084 343 1092 353 -

224 477 377 552 humana
389 473 571 564 industria,
588 491 723 548 tantum
739 474 924 571 praestabit.
973 478 1080 550 Illum
1099 473 1194 574 prior
1208 491 1283 549 aetas
1297 474 1356 548 lau·

223 591 353 684 disset,
369 593 548 666 mirabitur
563 609 710 688 postera.
761 596 813 664 At
829 617 873 666 ne
895 591 970 682 tibi,
995 593 1169 682 Secunde,
1189 614 1273 664 vana
1293 616 1358 686 spes

224 708 368 784 illudat:
395 733 509 808 neque
525 709 642 808 hujus,
654 732 769 807 neque
780 707 870 782 alitis
881 709 1030 806 cujusvis
1046 707 1191 782 artificio
1200 705 1359 779 reviviscet

222 811 430 924 eloquentia,
455 850 574 924 quam,
598 820 692 898 etim*
706 825 865 899 nondum
881 823 1109 921 pullulissent
1124 839 1251 900 nostrat
1265 822 1358 898 aetatis

225 941 325 1032 uitia,
334 965 453 1017 rerum
469 957 504 1016 et
519 947 724 1039 temporum
734 939 932 1014 necessitate
948 939 1134 1014 amisimus.

274 1173 355 1249 XII.
390 1175 514 1248 Nutu
546 1171 642 1284 enim
675 1173 733 1250 hic
767 1191 926 1249 constans
958 1191 994 1248 et
1028 1191 1221 1250 aetemum:
1261 1168 1362 1245 omnia

224 1292 405 1366 mutationi
438 1292 599 1369 obnoxia.
652 1295 771 1390 Atque
797 1307 836 1366 ut
863 1291 1068 1388 corporibus
1094 1288 1305 1374 valetudinis,
1326 1287 1365 1357 ita

223 1433 365 1504 quoque
380 1407 525 1506 ingeniis
541 1405 643 1482 fatale
659 1425 710 1480 est
727 1432 905 1480 summum
930 1407 1090 1481 claritatis
1114 1407 1363 1478 incrementum.

224 1523 299 1596 Ubi
327 1523 484 1619 primum
501 1548 655 1597 crescere
680 1547 752 1597 non
783 1540 939 1621 possunt,
965 1523 1079 1596 statim
1103 1523 1316 1607 decrescunt,
1336 1511 1366 1589 et

225 1663 363 1736 semper
391 1639 428 1710 in
456 1639 606 1712 deterius
631 1657 792 1738 vergunt.
844 1640 896 1712 Ea
927 1656 979 1712 est
1004 1639 1238 1710 humanarum
1258 1655 1365 1708 rerum

223 1779 386 1852 suprema
403 1754 474 1841 lex,
488 1751 543 1825 cui
560 1753 672 1827 omnis
689 1772 784 1845 aetas,
796 1771 917 1853 gentes
933 1779 1068 1844 omneS,
1082 1780 1162 1851 quae
1179 1752 1233 1826 sui
1249 1773 1367 1823 memo·

224 1870 312 1944 riam
328 1869 512 1966 reliquere,
537 1885 616 1944 ante
631 1894 696 1942 nos
718 1885 918 1967 paruerunt.
969 1872 1116 1968 Insuper
1132 1868 1226 1967 viget
1241 1864 1368 1966 egregia

225 1987 381 2084 quidem,
406 1985 495 2066 dura
516 2001 646 2073 tamen,
674 2001 808 2059 naturae
832 1983 1025 2074 necessitas,
1053 2009 1248 2083 numquam
1271 1979 1368 2079 magis

224 2100 335 2199 quim
362 2100 399 2172 in
428 2100 532 2174 literis
565 2117 698 2197 potens.
750 2102 834 2173 Una
866 2099 958 2172 enim
991 2116 1026 2173 et
1056 2099 1206 2196 simplex
1238 2099 1368 2171 unicum

226 2215 469 2292 tantummodo
492 2215 619 2313 patitur
635 2216 838 2312 exemplar:
865 2215 910 2288 ad
926 2216 1036 2316 quod,
1061 2215 1090 2290 si
1104 2215 1213 2315 semel
1229 2211 1370 2300 emicuit,

225 2333 390 2410 accedere
406 2331 555 2409 arduum
577 2346 641 2420 est,
659 2331 755 2428 quod
770 2355 933 2430 superare
948 2333 1038 2405 velle
1054 2357 1183 2406 vanum
1203 2350 1257 2407 est
1272 2347 1306 2404 et
1320 2330 1370 2402 ab·

224 2451 383 2527 surdum.
434 2445 656 2523 Ineluctabile
672 2446 759 2522 illud
775 2443 888 2521 fatum
903 2471 948 2521 ne
959 2447 1098 2522 vincere
1114 2447 1258 2547 quidem
1270 2444 1372 2545 potuit

224 2568 299 2665 ipsa
315 2566 467 2659 Graecia,
479 2564 739 2639 fecundissima
753 2563 975 2663 ingeniorum
989 2590 1125 2662 parens.
1177 2565 1314 2638 Unicus
1328 2557 1371 2633 illi

225 2686 417 2772 Homerus,
440 2682 562 2757 unicus
587 2682 699 2771 Plato,
726 2682 849 2755 unicus
877 2682 1143 2755 Demosthenes.
1194 2680 1274 2755 Pari
1302 2680 1371 2777 lege

225 2799 440 2898 premimur,
468 2822 532 2870 nec
558 2821 681 2870 vereor
708 2798 857 2893 superba
882 2794 1012 2871 futurae
1034 2797 1142 2872 aetatis
1162 2798 1314 2897 judicia:
1338 2810 1374 2866 ut

226 2916 320 3013 apud
346 2938 410 2987 nos
432 2912 554 2985 unicus
577 2928 628 2985 est
643 2911 825 3011 Virgilius,
842 2911 964 2987 unicus
981 2938 1123 3011 quoque
1151 2912 1217 2985 erit
1243 2914 1371 2989 Cicero.

226 3036 294 3111 Per
310 3029 542 3129 septingentos
559 3028 670 3104 ferme
688 3052 797 3103 annos
813 3031 858 3102 de
869 3029 935 3103 hic
953 3029 1159 3127 exemplaris
1175 3028 1291 3127 glorii
1304 3051 1372 3099 ora-

225 3148 358 3224 toribus
373 3146 498 3222 nostn's
515 3162 645 3221 certare
662 3145 767 3222 licuit.
817 3146 1010 3245 Postquim
1025 3145 1172 3218 intonuit
1186 3147 1331 3221 sublime
1342 3159 1372 3215 et

222 3261 543 3363 eloquentissimum
561 3263 741 3337 Ciceronis
762 3290 815 3354 os,
840 3262 938 3337 desiit
954 3280 1141 3363 certamen.
1194 3256 1371 3358 Occupati

223 3380 429 3477 eloquentiae
445 3378 569 3479 glorii,
582 3381 759 3473 noualaus
774 3406 839 3480 per
854 3381 1020 3454 disertum
1036 3376 1173 3451 dicendi
1188 3403 1302 3477 genus
1312 3374 1370 3448 fuit

224 3497 423 3595 quaerenda,
449 3496 545 3595 quod
560 3494 633 3596 ipsa
648 3496 833 3573 invexisset
848 3514 979 3573 mutata
994 3493 1192 3593 reipublicae
1208 3493 1333 3569 forma.

276 3730 371 3802 Xlll.
397 3730 654 3805 Teuromeus
673 3732 765 3807 enim
782 3752 817 3807 et
832 3732 983 3807 fortunar
999 3754 1137 3827 semper
1155 3742 1372 3827 attemperata

226 3863 277 3919 est
294 3843 414 3918 oratio.
466 3847 574 3945 Apud
600 3866 752 3949 agrestes
772 3849 934 3947 ferosque
963 3846 1135 3937 homines,
1162 3868 1274 3944 pauca
1298 3855 1370 3917 sunt

228 4062 348 4121 loricam
380 4072 480 4123 ortem.
536 4066 646 4125 Extant
679 4067 776 4126 adhuc
829 4066 908 4144 apud
922 4067 1051 4136 Graecos‚
1071 4064 1149 4141 apud
1171 4063 1313 4121 Romanos
1334 4056 1378 4111 ti*

227 4146 289 4218 ejus
313 4142 506 4203 Institutiones
531 4148 671 4219 oratoriae,
702 4148 778 4224 opti·
829 4148 902 4225 guit.
921 4148 1007 4222 Viget
1019 4157 1049 4203 et
1062 4146 1141 4223 apud
1155 4163 1216 4201 nos.
1258 4142 1368 4199 Utinam

228 4242 309 4281 mum
352 4222 670 4305 praestantissimumque
707 4228 777 4287 artis
829 4248 886 4285 non
899 4229 990 4303 vigeat
1003 4246 1129 4302 semper3
1143 4226 1283 4299 deturque
1295 4217 1368 4276 nobis

228 4317 455 4363 monumentum.
479 4313 491 4333 ‘
829 4309 941 4367 vincere
954 4307 1074 4385 egregia,
1094 4324 1160 4385 quae
1178 4304 1306 4375 tulimus,
1325 4318 1369 4357 tx·

827 4390 975 4470 emplaria.

269 4462 279 4492 ¹
310 4464 427 4525 Petitur
459 4467 607 4545 exemplar.
649 4470 694 4530 En
726 4468 775 4529 leat
807 4534 812 4546 ,
