2859 4950
497 302 723 392 ironicotn.

1132 312 1191 377 119

57 476 107 549 est,
129 476 165 533 ut
191 482 266 531 rem
283 459 325 531 ad
343 480 527 530 mucrones
543 482 582 531 ac
601 460 746 531 manus¹
773 456 1007 531 adducerent:
1034 459 1131 555 quod
1152 476 1189 533 et
1272 466 1277 483 '

57 575 117 671 ipsis
146 590 311 647 vetustate
344 571 472 647 militiae
506 571 745 663 exercitatum,
783 591 817 645 et
850 572 1006 647 hosubus
1038 572 1187 649 inhabile

57 715 138 785 parua
162 705 258 763 scuta
274 707 309 763 et
323 712 483 762 enormes
508 688 641 787 gladios
659 689 880 787 gerentibus:
906 714 988 761 nam
1005 689 1190 763 Britanno.
1233 674 1238 688 ¹

57 830 114 876 run
143 805 247 905 gladii
281 806 353 879 sine
381 794 572 879 mucrone²
604 806 1051 903 complexumarmorum,
1086 807 1186 881 etin

56 926 146 993 arcto³
163 945 319 1020 pugnam
348 946 420 995 non
449 922 650 995 tolerabant.
702 920 824 1020 Igitur,
850 939 889 994 ut
905 922 1184 999 Batavimiscere

58 1035 130 1125 ienis,
163 1034 267 1110 ferire
301 1036 522 1127 umbonibus,
557 1062 618 1113 ora
643 1034 791 1141 feudare,
816 1054 850 1110 et
878 1038 1022 1129 nactis:
1055 1040 1115 1139 qui
1147 1043 1184 1116 in

55 1176 133 1246 aquo
156 1150 370 1241 obstiterant,
395 1153 527 1251 erigere
546 1152 582 1224 in
599 1151 706 1225 colles
732 1152 842 1226 aciem
867 1180 1029 1253 crepere,
1058 1175 1185 1236 ceterae

54 1266 198 1359 cohortes,
245 1270 465 1363 aemulafione
506 1288 540 1343 et
581 1270 712 1367 impetu
755 1271 958 1362 commistae,
1002 1274 1182 1371 proximos

54 1406 186 1480 quosque
211 1386 371 1459 caedere:
398 1412 438 1458 ac
456 1385 612 1484 plerique
632 1385 832 1475 semineces,
856 1405 915 1459 aut
931 1386 1068 1488 integri,
1092 1389 1184 1465 festi.

51 1497 163 1571 mione
180 1500 335 1574 victoriae
357 1501 651 1599 relinquebantur.
704 1502 846 1573 Interim
874 1502 1030 1601 equitum
1055 1523 1182 1582 turmae

50 1607 174 1709 fugire,⁵
186 1616 350 1691 covinarii
363 1618 518 1715 pediturn
529 1644 565 1691 se
578 1617 698 1717 praelio
715 1618 900 1693 miscuere:
919 1637 954 1691 et
969 1645 1183 1720 quamquam

50 1747 196 1805 recentem
213 1749 387 1809 terrorem
403 1735 601 1825 intulerant,
627 1732 740 1809 densis
765 1752 880 1809 tamen
907 1734 1058 1809 hostiurn
1074 1738 1182 1837 agrni·

49 2100 169 2165 nunenta,
200 2097 230 2155 in
256 2099 365 2175 quibus
390 2119 473 2161 con.
494 2120 578 2161 rvu-

49 2175 577 2261 tvn0.velcorr.i.rvuonon.artu.

50 2246 107 2308 lide
128 2258 270 2317 eruditum
296 2261 425 2334 Gordon,
445 2264 500 2323 loc.
526 2264 577 2323 cit.

48 2326 137 2392 Tabulis
149 2356 241 2397 xxxv
255 2350 287 2397 et
299 2358 357 2419 seq.
382 2400 387 2409 ,

70 2487 84 2576 ᾗ
102 2495 146 2553 Ad
165 2520 309 2561 mucrones
327 2524 361 2563 uc
379 2525 485 2564 munus.
526 2504 575 2563 sic

49 2566 100 2628 oliui
124 2577 311 2642 Germanicus
333 2586 476 2642 Romanos
506 2603 574 2644 cum

50 2646 173 2716 Germanis
207 2665 387 2740 praeliaturos
417 2675 575 2734 monuerat,

49 2741 72 2782 ut
82 2731 217 2800 denserent
232 2744 317 2816 ictus,
337 2755 366 2804 et
377 2767 428 2805 ora
440 2747 575 2806 mucroni-

50 2806 86 2898 ὄιες
96 2834 251 2907 quererent,
273 2827 379 2886 Annal.
395 2843 431 2886 11.
448 2836 494 2888 rt.

78 2893 164 2958 'Stre
175 2923 314 2965 mucrone.
354 2909 457 2968 Caesim
474 2927 575 2987 nempe

50 2979 345 3057 pugnabantllritanni;
366 2991 495 3066 punctim
508 2989 575 3048 verd

52 3046 158 3138 lanan,
176 3065 235 3141 qul
255 3071 401 3145 pugnandi
415 3071 523 3128 ratione
535 3071 576 3128 ci·

51 3137 90 3188 tior
106 3143 260 3224 certiorque
280 3167 356 3208 mors
383 3151 468 3210 venit.
509 3150 575 3208 Hac

52 3211 75 3268 le
86 3235 109 3273 rc
125 3221 203 3296 plura
223 3227 310 3287 babet
324 3231 467 3307 vegetius,
489 3249 512 3289 1.
528 3239 574 3289 19.

52 3291 575 3374 Complecurrrautemrrrtuorrmtdieimus

52 3379 137 3448 ttuffle:
166 3387 233 3448 ctlrn
259 3392 390 3452 cominus
414 3405 442 3452 et
468 3395 574 3455 collato

52 3459 118 3526 gradu
130 3465 211 3526 hostis
228 3473 344 3550 petitur.

57 3531 247 3621 1Ἰνιιινείο.
291 3553 397 3628 l'ulgb,
418 3557 465 3612 sed
486 3557 571 3627 malt,

54 3633 173 3763 ἱζσρενσεο.
212 3634 237 3690 V
242 3635 287 3692 ide
300 3647 358 3694 not.
371 3645 400 3694 ct
412 3639 521 3698 emend.
534 3640 571 3696 ad

80 3711 153 3774 ns.

82 3785 137 3842 'Et
148 3793 255 3853 trectis.
288 3795 406 3866 Melius,
420 3797 571 3877 ecfractis,

56 3867 77 3910 ul
87 3867 182 3930 volebat
196 3877 342 3936 Muretus:
365 3880 407 3936 uel
422 3879 528 3956 potius,
546 3890 573 3938 et

55 3953 185 4022 truttam,
215 3971 247 4014 ut
273 3959 413 4035 conjicere
439 3959 507 4016 licet
535 3981 571 4018 ex

58 4013 109 4078 l¹³³·
124 4029 224 4092 Varie.¹
249 4040 324 4096 Vide
344 4053 404 4099 not.
419 4051 448 4098 ct
463 4041 573 4098 emend.

58 4099 82 4152 ld
99 4123 152 4184 Cap.
163 4113 208 4173 36.
224 4153 234 4168 .
248 4121 367 4178 Victum
388 4131 573 4198 prostratum-

57 4195 97 4249 ΨΜ
113 4203 149 4246 est
164 4197 283 4270 primum
304 4221 403 4275 agmen
425 4201 574 4258 Britanno-

58 4273 119 4362 run,
130 4279 197 4346 quod
210 4279 237 4336 in
249 4299 332 4358 arque
345 4280 519 4351 constiterat,
541 4293 573 4340 ut

60 4345 124 4403 modo
134 4353 233 4418 dictum
245 4375 286 4420 est
299 4382 364 4438 cap.
377 4383 440 4440 sup.
492 4377 496 4384 ’

88 4421 95 4452 ⁵
113 4429 228 4508 Equitum
243 4451 341 4502 turmo
350 4440 467 4526 fregere.
511 4439 571 4505 llic

628 2100 701 2161 nibil
712 2122 773 2160 esse
785 2102 858 2170 vitii,
877 2100 925 2159 sed
938 2098 1096 2179 plurimum
1110 2102 1181 2161 Cor-

628 2182 747 2240 nelianae
767 2183 909 2241 brevitatis
929 2184 1058 2241 observat
1073 2184 1182 2242 lllustr.

630 2263 764 2322 Huetius.
806 2262 934 2330 Scilicet,
952 2265 1097 2340 utrimque
1110 2285 1182 2341 pug·

628 2363 694 2401 nam
707 2362 817 2421 coeperc
829 2344 951 2421 pedites:
966 2344 1056 2403 fracto
1069 2344 1182 2404 Britan·

628 2442 728 2482 norum
744 2424 1182 2502 prirnoagmine,quodinaequo

628 2507 801 2574 constiterat,
839 2504 952 2561 auxilia
984 2507 1180 2566 Romanorum

628 2587 720 2644 aciem
740 2588 770 2642 in
790 2585 877 2643 colles
897 2605 1021 2644 erexere.
1063 2588 1181 2648 Interim

629 2669 824 2726 Romanorum
837 2667 968 2741 equitum
983 2678 1094 2737 turmae,
1111 2688 1179 2728 curn

629 2748 830 2806 Britannorum
848 2747 999 2804 covinariis
1015 2766 1179 2824 congressa,

628 2847 674 2886 eos
693 2830 829 2886 sustinere
847 2847 903 2884 non
921 2829 1082 2900 voluerunt,
1103 2830 1180 2888 ideo-

627 2927 685 2987 que
713 2909 820 2985 sugere.
860 2909 945 2967 Tunc
971 2910 1118 2978 covinarii,
1150 2923 1179 2970 et

627 3009 674 3049 eos
687 2990 778 3048 secuti
791 2988 899 3066 equites
911 2989 1049 3060 Britanni,
1062 2992 1177 3068 superbi

627 3071 719 3148 qubd,
738 3071 836 3145 fugato
851 3073 1048 3128 Rornanorum
1068 3074 1179 3146 equita·

628 3161 670 3224 tu,
694 3162 828 3209 terrorem
853 3151 1024 3220 intulissent,
1047 3151 1177 3228 peditum

627 3251 655 3288 sc
671 3231 771 3308 prelio
791 3232 939 3290 miscuere.
980 3236 1022 3288 At
1045 3233 1177 3304 llonrani,

626 3313 675 3388 qui
703 3313 839 3390 primrltn,
868 3313 995 3371 diductis
1020 3312 1178 3386 ordinibus,

626 3393 805 3464 incesserant,
833 3413 869 3451 ne
894 3391 1176 3474 circumvenirentur,

626 3483 705 3544 tune,
730 3475 852 3532 densatis
874 3473 1044 3550 agminibus,
1069 3493 1178 3552 pugua-

625 3556 703 3627 bant,
719 3566 752 3613 ut
764 3555 860 3612 acrids
872 3555 1041 3612 resisterent.
1075 3556 1177 3633 ltaque

624 3655 716 3713 neque
729 3636 876 3704 covinnrii,
888 3656 979 3713 neque
991 3636 1102 3712 equitis
1117 3641 1177 3696 uri·

624 3718 701 3776 tanni
720 3735 766 3773 eos
787 3728 931 3792 penetrare
951 3726 1083 3793 potuere:
1105 3737 1177 3794 prm·

623 3797 699 3855 terei
723 3797 912 3872 inaequalibus
931 3798 1002 3856 locis
1022 3797 1175 3866 haerebant,

625 3879 706 3936 Unde
729 3877 846 3936 minime
867 3879 1005 3955 equestris
1021 3897 1055 3933 ea
1072 3898 1175 3958 pugna>

625 3958 710 4016 iacies
731 3959 796 4027 snit,
816 3959 883 4016 culm
903 3958 1039 4016 novinarii
1054 3971 1082 4018 et
1095 3961 1177 4035 equi-

624 4048 665 4095 tes
691 4039 829 4110 Britanni,
859 4039 933 4114 tegre
959 4037 1035 4095 cliro
1059 4049 1174 4111 stantes,

625 4119 710 4176 simul
742 4138 809 4176 cum
839 4139 978 4195 equorum
1006 4121 1175 4198 corporibus

624 4199 837 4275 impellerentur
845 4223 853 4269 ;
867 4201 1055 4276 acsaepevsgi
1065 4220 1175 4273 currus,

624 4280 751 4338 exterriti
775 4279 834 4336 sine
858 4283 1015 4340 rectoribus
1037 4282 1115 4358 equi,
1142 4294 1176 4341 ut

625 4380 769 4436 quemque
782 4360 902 4417 formido
914 4362 1027 4432 tulerat,
1042 4373 1175 4424 tratura!—

623 4461 677 4512 sos,
698 4441 1071 4509 turribuosimunabnot.
1127 4439 1135 4454 '
