2859 4950
145 387 148 395 ,
234 306 298 375 aaa
541 310 663 371 nora
687 308 738 369 ar
759 309 1095 374 arrauonrrouas

280 464 322 532 L.
347 464 469 533 Crasso.
514 464 684 552 Perperuru
712 468 788 533 libri·
809 468 894 549 editi,
918 463 1033 533 Murro
1061 469 1184 535 Crasso.
1229 468 1322 537 Error
1341 498 1374 539 ex

226 574 329 668 'scioli¹
339 580 478 665 alicujus,
494 580 546 664 qui
563 578 709 645 Crassum
726 602 884 644 censorem
909 584 1053 647 eururteru
1076 582 1171 645 fuisse
1187 602 1223 645 ac
1241 581 1374 649 Murcum

235 691 392 769 Crassum,
417 676 628 756 Romanorum
654 692 848 771 ditissimum,
870 694 988 778 dequo
1012 716 1083 757 rnux
1107 693 1228 757 dicetur
1250 716 1318 777 cap.
1331 704 1374 765 37.

230 803 372 869 eredidit.
418 804 510 868 Fons
525 802 599 868 olim
617 804 777 889 scriptum,
794 802 906 869 Crasso
918 816 948 867 et
964 803 1110 869 Domitia
1128 804 1311 886 censoribus,
1322 828 1374 871 uon

229 914 544 999 additopreenomine.

228 1046 232 1051 ·
276 1026 485 1092 Dalucnntur
508 1024 690 1091 insciolus.
736 1025 785 1091 Its
806 1026 910 1093 MSS.
924 1028 1025 1092 vatic.
1072 1028 1207 1093 Nouits
1221 1015 1374 1093 be‘nttmi

228 1140 314 1219 aditi,
329 1138 516 1205 deducimur.

276 1251 339 1318 Sed
353 1252 386 1315 in
402 1273 500 1339 quem.
546 1248 608 1314 Sed
618 1249 767 1313 omissum
783 1249 875 1315 vellet
891 1249 1050 1315 Ernestus.

275 1362 377 1450 AEqui
391 1362 558 1447 imperitus.
604 1362 653 1425 lta
669 1361 772 1427 MSS.
787 1360 890 1425 Vatia.
935 1361 973 1425 lu
988 1361 1075 1426 libris
1087 1360 1188 1442 editis,
1203 1366 1372 1448 perturbato

229 1474 346 1555 ordine,
361 1474 520 1560 imperitus
535 1474 626 1560 aquei.

273 1584 320 1650 Et
335 1586 454 1650 ditant.
500 1584 587 1648 Beue
605 1584 708 1647 MSS.
727 1583 826 1647 vatic.
870 1581 996 1669 Copula
1008 1588 1096 1649 aaut
1109 1583 1130 1648 i
1143 1584 1233 1650 libris
1242 1587 1336 1651 oditis.

272 1696 471 1763 Declamatio
501 1716 619 1783 atroque
644 1695 841 1760 adhibeatur.
887 1696 1041 1777 Pithoeus,
1064 1696 1252 1763 declamatio
1268 1722 1370 1788 quauta

226 1810 545 1876 similisudiritreutur.
621 1838 625 1847 ·

271 1922 329 1988 Aa
342 1944 428 1988 aeras
441 1922 566 2009 judices
588 1930 710 1985 rentum
726 1930 779 1985 est.
824 1920 903 1985 Post
917 1920 983 1985 haea
997 1924 1099 1999 verbe,
1122 1934 1301 2006 temporum
1321 1923 1368 1987 ini

224 2036 342 2121 quitata
367 2034 465 2101 mutu
493 2034 618 2119 periisse
646 2036 712 2120 jam
741 2034 927 2097 monuimus.
971 2032 1061 2097 Idem
1097 2046 1250 2099 testantur
1278 2036 1368 2099 Mss.

225 2146 327 2212 Vatic.
351 2144 403 2233 qui
426 2148 486 2209 hoc
501 2146 531 2209 iu
546 2145 618 2209 loco
639 2168 779 2229 magnam
803 2146 917 2209 habent
938 2144 1089 2209 lacunam.
1135 2144 1277 2229 Margiui
1301 2146 1366 2210 MS.

223 2258 325 2323 Vatia.
342 2264 432 2324 1518.
448 2258 647 2341 adscriptum,
670 2259 707 2321 H
711 2258 740 2320 ir
754 2256 863 2321 desunt
876 2278 928 2321 ser
940 2256 1081 2342 pagella.
1126 2255 1164 2332 ln,
1181 2256 1263 2321 MS.
1276 2256 1364 2349 Vatia.

223 2378 321 2444 4498.
347 2384 507 2435 nautum:
533 2369 571 2433 H
574 2368 602 2433 ic
617 2368 748 2433 multum
764 2368 877 2455 dejicit.
922 2368 1091 2433 Infeliciter
1105 2372 1246 2433 tentabat
1268 2368 1365 2433 Schul-

222 2483 346 2568 tingius,
361 2483 428 2547 cum
444 2483 487 2548 ad
500 2505 586 2548 veras
595 2483 721 2569 judiees
740 2491 864 2570 neptum
875 2493 932 2562 est,
947 2503 1000 2546 nea
1013 2503 1078 2546 rem
1094 2484 1235 2569 cogitare
1250 2482 1363 2572 possint,

222 2599 278 2684 qni
298 2596 380 2661 nihil
399 2596 522 2675 humile,
548 2593 630 2661 nitet
644 2596 779 2662 alienum
801 2594 902 2682 eloqui
913 2607 1071 2682 poteraut.
1118 2595 1313 2662 Commooeri
1329 2597 1365 2660 eut

220 2706 283 2772 iar
298 2707 396 2794 Aper.
441 2708 489 2772 Ac
505 2707 679 2774 Maternus.
726 2707 780 2772 ltu
795 2720 849 2786 est,
864 2709 977 2795 inquit,
991 2731 1106 2796 magna
1119 2707 1302 2796 elaqraentia,
1318 2711 1364 2784 irc.

221 2817 362 2883 Pessimi
378 2819 662 2898 Schurzfleischius,
676 2821 850 2907 ingentibus
864 2819 964 2884 verbis
972 2829 1212 2906 persequantur,
1229 2821 1305 2899 ciera
1317 2819 1363 2884 ati

219 2929 263 2995 ad
281 2951 368 2995 aeros
376 2931 501 3020 jndices·
523 2943 644 2996 eentum
668 2941 724 3012 est,
742 2930 826 2996 uiuit
846 2931 971 3011 humile,
995 2930 1079 2997 sitit
1097 2932 1253 3018 utp'ectum
1274 2931 1362 3019 eloqui

217 3052 368 3129 oporteat.

260 3269 351 3335 Cur.
367 3273 420 3337 86.
445 3269 557 3335 Trioni
569 3271 632 3360 sas
653 3285 729 3338 erat.
774 3269 865 3336 Mate
883 3279 1000 3335 veteres
1018 3268 1180 3351 editiones,
1203 3271 1303 3339 imbui
1307 3267 1357 3361 sas

214 3389 292 3447 irat.

259 3493 329 3559 tut
338 3496 583 3582 perturbatione.
627 3495 730 3561 MSS.
745 3496 847 3562 vatic.
866 3495 934 3561 itta.

262 3603 363 3672 Plura
377 3607 439 3672 sibi
453 3607 589 3695 adsequi.
635 3607 725 3672 Male
740 3623 854 3672 veteres
866 3607 1025 3686 editiones,
1036 3606 1197 3694 pleraque.

255 3717 302 3783 Et
320 3717 473 3806 populare
501 3743 620 3785 noman.
668 3721 755 3785 Bene
786 3720 888 3785 MSS.
919 3711 950 3783 et
987 3719 1137 3783 editiones
1158 3735 1283 3785 veteres.
1321 3717 1351 3780 ln

210 3827 366 3915 Lipsianis
381 3831 508 3918 aliisque
522 3831 601 3896 mule
617 3833 730 3898 omissa
743 3831 867 3916 copula.

251 3941 422 4009 conciones
447 3945 696 4032 magistratuum.
742 3945 830 4009 Beni·
846 3941 973 4027 Lipsius
994 3944 1011 4008 ὲ
1033 3941 1110 4007 MS.
1155 3941 1194 4006 Iu
1212 3940 1350 4008 veteribus

207 4055 402 4136 editionibus,
415 4057 628 4145 migrantium.

251 4169 350 4255 Apud
357 4167 477 4254 plebem
490 4169 638 4255 parabat.
685 4167 806 4235 Merito
827 4163 953 4252 Lipsius
970 4165 987 4233 ὲ
1003 4167 1192 4255 conjectari.
1233 4167 1349 4232 Veteres

205 4279 362 4363 editione,
371 4279 542 4370 probabat.
632 4301 636 4310 '
