2859 4950
338 263 550 330 ailnodus
571 261 629 326 nt:
648 263 924 335 onatoataun
1140 283 1201 346 m

53 422 178 526 grimo,
203 439 402 498 moutarn
417 420 574 496 munium
594 417 721 498 ndum
735 423 931 500 varietatem
956 427 1201 530 complectere-

53 558 112 612 tur.
162 540 288 636 ltaque
314 535 456 611 hercule
471 535 614 610 inlibris
631 536 810 614 Ciceronis
831 541 1090 639 deprehendere
1105 548 1199 645 licet,

53 678 116 728 nou
140 654 360 754 geometrice,
384 675 455 726 non
469 651 626 742 mueicae,
650 673 725 726 non
738 657 984 754 grammaticae,
1008 685 1080 736 non
1103 665 1201 740 deni·

52 795 111 868 que
128 769 237 842 ullius
254 769 414 867 ingenuae
430 767 510 842 artic
525 765 743 842 scientiamei
760 768 921 846 defuicoe.
969 775 1034 849 llle
1050 777 1199 854 dialecti.

54 889 116 960 ca'
132 884 373 974 subtilitatem,
395 882 454 956 ille
476 881 614 958 moralia
637 883 765 981 partic²
790 885 981 979 utilitatem,
1005 891 1063 966 ille
1078 919 1201 974 rerum

53 1017 159 1074 motus
174 1023 368 1096 causaeque
385 998 567 1100 cognovit:
593 997 641 1072 ita
656 999 749 1074 enim
764 1019 829 1092 est,
853 1005 974 1102 optimi
989 1006 1066 1097 viri,
1090 1009 1138 1084 ita
1151 1037 1201 1087 ex

53 1116 153 1188 multi
180 1115 390 1205 eruditione,
415 1141 461 1190 ex
486 1113 643 1212 plumbus
669 1115 811 1208 artibus,
836 1134 871 1191 et
897 1119 1053 1194 omnium
1081 1149 1202 1204 rerum

52 1231 198 1321 edentii,
231 1235 386 1306 extmdat
412 1249 446 1306 et
472 1233 639 1306 exuberat
665 1231 726 1306 illa
750 1232 958 1309 admirabilia
982 1237 1200 1336 eloquentia:

53 1371 157 1446 neque
172 1348 325 1422 oratorie
340 1347 390 1422 vic
402 1365 437 1422 et
452 1346 608 1436 facultas,
621 1345 709 1422 sicut
725 1366 918 1432 ceterarum
932 1376 1064 1444 rerum,
1075 1377 1203 1456 angue·

52 1463 86 1534 n‘s
100 1481 134 1536 et
148 1464 319 1538 brevibus
343 1464 497 1538 terminia
522 1463 694 1538 cluditur:
721 1466 782 1538 sed
798 1464 827 1538 is
842 1481 894 1538 eet
919 1481 1049 1556 orator,
1073 1469 1133 1565 qui
1155 1471 1201 1546 de

54 1565 139 1650 omni
162 1579 360 1678 quoectione
388 1579 547 1678 pulchre,
573 1597 608 1654 et
633 1579 768 1670 ornati,
792 1598 827 1654 et
851 1581 896 1653 ad
922 1581 1202 1678 persuadendum

52 1692 120 1788 apti
137 1695 272 1786 dicere,
297 1720 362 1793 pro
385 1693 548 1794 dignitate
574 1718 707 1803 rerum,
731 1696 777 1768 ad
793 1695 972 1771 utilitatem
987 1713 1201 1796 temporum,

54 1831 123 1882 cum
139 1809 322 1910 voluptate
337 1809 548 1885 audientium
564 1809 679 1910 pomit.

95 2053 152 2116 al.
178 2045 286 2117 Hinc
304 2041 366 2116 subi
382 2041 431 2116 illi
448 2059 580 2116 veteres
603 2044 874 2140 persuadebant:
900 2045 945 2118 ad
961 2045 1037 2120 baec
1053 2043 1201 2124 efficien-

56 2157 93 2230 da
115 2156 355 2260 intelligebant
369 2185 459 2256 opus
474 2175 560 2249 mee,
585 2183 656 2232 non
678 2177 718 2232 ut
733 2160 914 2236 rhetorum
939 2161 1065 2236 scholis
1087 2165 1201 2239 decla·

56 2291 191 2366 marem,
215 2299 284 2349 nec
301 2293 340 2348 ut
355 2273 456 2366 lictis,
481 2299 545 2348 nec
562 2275 635 2350 ullo
652 2277 759 2349 modo
774 2278 818 2350 ad
834 2277 1010 2350 veritatem
1033 2279 1201 2355 acceden-

55 2385 145 2481 tibus,
170 2390 435 2465 controversiie³
462 2390 615 2491 linguam
644 2393 754 2466 modb
776 2411 810 2467 et
833 2416 957 2467 vocem
982 2412 1199 2487 exercerent,

54 2506 106 2577 ted
121 2525 158 2579 ut
173 2508 229 2581 his
246 2507 377 2582 artibus
404 2524 524 2606 pectus
547 2508 743 2605 implerent,
767 2509 805 2580 in
825 2506 951 2605 quibus
966 2508 1012 2581 de
1034 2510 1136 2582 bonis
1155 2532 1198 2585 ac

57 2620 154 2711 mals,
179 2622 224 2697 de
257 2622 402 2699 honesto
417 2648 457 2699 ac
474 2623 579 2723 turpi,
605 2626 650 2698 de
671 2628 765 2725 justo
785 2641 821 2698 et
842 2623 969 2723 injusto
992 2624 1198 2721 disputatur.

58 2732 134 2809 Haec
149 2738 245 2812 enim
262 2755 313 2811 est
329 2738 457 2811 oratori
472 2742 623 2839 subjecta
639 2740 682 2812 ad
699 2740 887 2813 dicendum
903 2738 1053 2813 materia.
1104 2741 1203 2819 Nam

56 2846 87 2919 in
94 2852 224 2947 judiciis
236 2850 317 2927 lere
334 2857 378 2927 de
394 2855 565 2951 equitate,
589 2854 625 2927 in
642 2854 940 2950 deliberationibus
962 2857 1006 2928 de
1022 2855 1201 2931 honestate

59 2962 201 3060 dicimus,
227 2969 276 3042 ita
302 2985 342 3043 ut
370 2970 576 3070 pleniorque
598 2971 673 3045 haec
698 2970 771 3069 ipsa
795 2970 942 3045 invicem
968 2970 1197 3049 misceantur:

59 3076 94 3151 de
117 3085 243 3181 quibus
269 3085 421 3183 copiosi,
446 3101 481 3161 et
495 3086 604 3177 rarii,
628 3104 663 3163 et
678 3086 800 3161 ornati
815 3111 920 3162 nemo
936 3085 1050 3160 dicere
1072 3102 1198 3185 potest,

60 3192 112 3269 nisi
127 3201 185 3297 qui
201 3201 365 3300 cognovit
381 3220 539 3277 naturam
555 3204 757 3297 humanam,
767 3220 802 3279 et
812 3203 884 3279 vim
896 3202 1075 3291 virtutum,
1087 3201 1199 3299 pravi·

61 3323 219 3413 tatemque
236 3316 411 3407 uitiorum,
432 3334 467 3393 et
481 3315 694 3395 intellectum
711 3342 847 3409 eorum,
864 3342 943 3418 quae
959 3340 1024 3390 nec
1039 3315 1077 3388 in
1091 3315 1199 3389 virtu·

60 3422 148 3518 libus,
171 3454 288 3530 neque
304 3432 340 3505 in
355 3432 443 3509 vitiis
467 3447 705 3509 numerantur.
755 3434 813 3509 Ex
836 3434 890 3507 his
914 3430 1069 3506 fontibus
1092 3430 1198 3505 etiam
1264 3437 1267 3454 '

93 3652 293 3725 'Dialecticm
333 3666 378 3725 De
398 3663 455 3745 qui
476 3666 593 3739 Quinti·
646 3664 756 3738 Erret,
776 3666 853 3725 certi
872 3674 935 3725 tota
957 3663 1067 3724 oratori
1085 3669 1129 3723 ert
1150 3682 1200 3725 ac·

63 3730 148 3812 lanus,
161 3742 386 3809 institutore.
401 3764 463 3807 ιιι.
476 3754 505 3809 a.
520 3748 591 3809 Hoec
647 3746 827 3809 comendam
1294 3791 1299 3821 ,

62 3830 116 3887 pure
138 3822 291 3895 dialectica,
321 3820 479 3887 aracillum
501 3828 593 3889 dicere
686 3822 844 3887 ‘Merolir
870 3823 975 3904 partit.
1016 3820 1129 3897 Cicero,
1160 3822 1197 3883 de

65 3896 171 3961 malimus
194 3907 412 3983 dnpatotricem,
445 3918 489 3969 cet
513 3910 594 3969 utilis
647 3906 729 3978 Fato,
755 3926 820 3984 cop.
846 3912 873 3965 1.
919 3904 983 3967 Not
1008 3910 1197 3983 campartem

64 3986 353 4063 reparationibus,
373 3995 402 4045 et
422 3990 597 4066 comprehen„
645 3986 836 4067 philosophie,
855 3985 889 4045 de
913 3982 1035 4045 moribus
1052 3985 1197 4063 appellare

65 4059 176 4131 Mat,
201 4077 228 4125 et
250 4068 422 4145 reparandis,
449 4088 510 4147 que
529 4077 595 4129 runt
646 4068 781 4133 colemus:
809 4065 859 4127 red
879 4066 957 4125 decet
978 4072 1124 4143 augentem
1143 4064 1199 4127 li·-

68 4130 214 4216 llffercrtia,
232 4156 260 4206 et
280 4148 442 4209 recolomdo
464 4150 597 4227 ambigui·
645 4145 1028 4226 gemianuumnominare
1039 4144 1182 4205 moralem.

68 4218 125 4304 (αἰ,
152 4232 179 4282 tl
203 4226 407 4307 diatingucado,
440 4228 598 4301 dividendo,
690 4222 936 4287 'Controversia
976 4223 1087 4294 Quales
1097 4224 1197 4286 adbuc

70 4292 195 4375 ¹¹le,
227 4307 510 4385 implicanda-June
539 4309 600 4387 ptri·
649 4320 751 4369 extant
783 4309 897 4367 Seneca
928 4303 1136 4385 controversie,
1165 4312 1197 4368 et

68 4372 197 4461 impr„
209 4388 259 4450 illa
271 4390 394 4464 moralia,
413 4410 473 4471 que
494 4388 606 4455 dicitur,
650 4388 823 4463 Quintiliani
836 4385 1066 4449 declamationes.
