<?xml version="1.0" encoding="UTF-8"?>
<!DOCTYPE html PUBLIC "-//W3C//DTD XHTML 1.0 Transitional//EN"
    "http://www.w3.org/TR/xhtml1/DTD/xhtml1-transitional.dtd">
<html xmlns="http://www.w3.org/1999/xhtml" xml:lang="en" lang="en">
 <head>
  <title>
</title>
<meta http-equiv="Content-Type" content="text/html;charset=utf-8" />
  <meta name='ocr-system' content='tesseract 3.04.00' />
  <meta name='ocr-capabilities' content='ocr_page ocr_carea ocr_par ocr_line ocrx_word'/>
</head>
<body>
  <div class='ocr_page' id='page_1' title='image "./ccorntacitioper01valpgoog_0256.png"; bbox 0 0 2859 4950; ppageno 0'>
   <div class='ocr_carea' id='block_1_1' title="bbox 627 287 1091 379">
    <p class='ocr_par' dir='ltr' id='par_1_1' title="bbox 627 287 1091 379">
     <span class='ocr_line' id='line_1_1' title="bbox 627 287 1091 379; baseline 0.002 -3"><span class='ocrx_word' id='word_1_1' title='bbox 627 289 942 379; x_wconf 81' lang='lat' dir='ltr'>aanvmnr&#39;mu.</span> <span class='ocrx_word' id='word_1_2' title='bbox 1087 287 1091 294; x_wconf 82' lang='grc'><strong>’</strong></span> 
     </span>
    </p>
   </div>
   <div class='ocr_carea' id='block_1_2' title="bbox 210 503 1399 3218">
    <p class='ocr_par' dir='ltr' id='par_1_2' title="bbox 210 503 1399 3218">
     <span class='ocr_line' id='line_1_2' title="bbox 215 503 1350 620; baseline -0.008 -23"><span class='ocrx_word' id='word_1_3' title='bbox 215 508 282 598; x_wconf 84' lang='grc'>16.</span> <span class='ocrx_word' id='word_1_4' title='bbox 311 507 571 620; x_wconf 85' lang='lat' dir='ltr'>Spectacula.</span> <span class='ocrx_word' id='word_1_5' title='bbox 634 518 698 606; x_wconf 88' lang='grc'>17.</span> <span class='ocrx_word' id='word_1_6' title='bbox 730 507 848 606; x_wconf 89' lang='lat' dir='ltr'>Caio,</span> <span class='ocrx_word' id='word_1_7' title='bbox 882 515 931 590; x_wconf 89' lang='lat' dir='ltr'>ut</span> <span class='ocrx_word' id='word_1_8' title='bbox 962 503 1093 590; x_wconf 88' lang='lat' dir='ltr'><strong>Urbis</strong></span> <span class='ocrx_word' id='word_1_9' title='bbox 1122 506 1350 600; x_wconf 79' lang='lat' dir='ltr'>restitutori,</span> 
     </span>
     <span class='ocr_line' id='line_1_3' title="bbox 210 651 1352 763; baseline -0.007 -23"><span class='ocrx_word' id='word_1_10' title='bbox 210 655 385 740; x_wconf 84' lang='lat' dir='ltr'>honores</span> <span class='ocrx_word' id='word_1_11' title='bbox 416 654 584 738; x_wconf 78' lang='lat' dir='ltr'><strong>decreti.</strong></span> <span class='ocrx_word' id='word_1_12' title='bbox 656 653 748 738; x_wconf 91' lang='lat' dir='ltr'>Hos</span> <span class='ocrx_word' id='word_1_13' title='bbox 793 655 901 738; x_wconf 85' lang='lat' dir='ltr'>inter</span> <span class='ocrx_word' id='word_1_14' title='bbox 942 651 998 736; x_wconf 88' lang='lat' dir='ltr'>ad</span> <span class='ocrx_word' id='word_1_15' title='bbox 1040 653 1228 763; x_wconf 84' lang='lat' dir='ltr'>ingenita</span> <span class='ocrx_word' id='word_1_16' title='bbox 1262 652 1352 734; x_wconf 85' lang='lat' dir='ltr'>vitia</span> 
     </span>
     <span class='ocr_line' id='line_1_4' title="bbox 213 795 1394 912; baseline -0.009 -28"><span class='ocrx_word' id='word_1_17' title='bbox 213 798 412 912; x_wconf 83' lang='lat' dir='ltr'>Princeps</span> <span class='ocrx_word' id='word_1_18' title='bbox 431 798 649 884; x_wconf 84' lang='lat' dir='ltr'>delabitur.</span> <span class='ocrx_word' id='word_1_19' title='bbox 713 804 776 896; x_wconf 89' lang='lat'>19.</span> <span class='ocrx_word' id='word_1_20' title='bbox 807 797 911 910; x_wconf 85' lang='lat' dir='ltr'>Ejus</span> <span class='ocrx_word' id='word_1_21' title='bbox 929 799 1118 891; x_wconf 80' lang='lat' dir='ltr'>morbus3</span> <span class='ocrx_word' id='word_1_22' title='bbox 1148 795 1354 907; x_wconf 88' lang='lat' dir='ltr'>Urbisque</span> <span class='ocrx_word' id='word_1_23' title='bbox 1393 868 1394 873; x_wconf 42' lang='lat'>.</span> 
     </span>
     <span class='ocr_line' id='line_1_5' title="bbox 213 942 1395 1042; baseline -0.004 -12"><span class='ocrx_word' id='word_1_24' title='bbox 213 944 342 1031; x_wconf 93' lang='lat' dir='ltr'>dolor.</span> <span class='ocrx_word' id='word_1_25' title='bbox 414 951 482 1030; x_wconf 78' lang='grc'>28.</span> <span class='ocrx_word' id='word_1_26' title='bbox 513 942 639 1028; x_wconf 87' lang='lat' dir='ltr'>Caius</span> <span class='ocrx_word' id='word_1_27' title='bbox 672 942 938 1042; x_wconf 79' lang='lat' dir='ltr'>convalescit,</span> <span class='ocrx_word' id='word_1_28' title='bbox 989 943 1062 1026; x_wconf 90' lang='lat' dir='ltr'>sed</span> <span class='ocrx_word' id='word_1_29' title='bbox 1110 951 1275 1024; x_wconf 85' lang='lat' dir='ltr'>mutato</span> <span class='ocrx_word' id='word_1_30' title='bbox 1317 942 1357 1024; x_wconf 92' lang='lat' dir='ltr'>in</span> <span class='ocrx_word' id='word_1_31' title='bbox 1394 1022 1395 1025; x_wconf 42' lang='lat'>.</span> 
     </span>
     <span class='ocr_line' id='line_1_6' title="bbox 214 1085 1396 1206; baseline -0.008 -30"><span class='ocrx_word' id='word_1_32' title='bbox 214 1092 331 1206; x_wconf 89' lang='lat' dir='ltr'>pejus</span> <span class='ocrx_word' id='word_1_33' title='bbox 365 1090 517 1174; x_wconf 91' lang='lat' dir='ltr'>animo.</span> <span class='ocrx_word' id='word_1_34' title='bbox 595 1099 664 1176; x_wconf 94' lang='grc'>21.</span> <span class='ocrx_word' id='word_1_35' title='bbox 692 1085 918 1188; x_wconf 85' lang='lat' dir='ltr'>Tiberium,</span> <span class='ocrx_word' id='word_1_36' title='bbox 955 1086 1109 1171; x_wconf 82' lang='lat' dir='ltr'>Tiberii</span> <span class='ocrx_word' id='word_1_37' title='bbox 1154 1097 1358 1198; x_wconf 89' lang='lat' dir='ltr'>nepotem,</span> <span class='ocrx_word' id='word_1_38' title='bbox 1395 1184 1396 1191; x_wconf 41' lang='lat'>.</span> 
     </span>
     <span class='ocr_line' id='line_1_7' title="bbox 214 1232 1358 1356; baseline -0.003 -38"><span class='ocrx_word' id='word_1_39' title='bbox 214 1235 418 1320; x_wconf 84' lang='lat' dir='ltr'>interficit.</span> <span class='ocrx_word' id='word_1_40' title='bbox 495 1243 563 1320; x_wconf 92' lang='grc'>22.</span> <span class='ocrx_word' id='word_1_41' title='bbox 595 1233 646 1318; x_wconf 93' lang='lat' dir='ltr'>In</span> <span class='ocrx_word' id='word_1_42' title='bbox 686 1235 788 1318; x_wconf 89' lang='lat' dir='ltr'>alios</span> <span class='ocrx_word' id='word_1_43' title='bbox 824 1258 994 1344; x_wconf 91' lang='lat' dir='ltr'>quoque</span> <span class='ocrx_word' id='word_1_44' title='bbox 1031 1232 1223 1356; x_wconf 79' lang='lat' dir='ltr'>crudelis.</span> <span class='ocrx_word' id='word_1_45' title='bbox 1296 1240 1358 1315; x_wconf 90' lang='grc'><strong>23.</strong></span> 
     </span>
     <span class='ocr_line' id='line_1_8' title="bbox 219 1377 1362 1489; baseline -0.007 -25"><span class='ocrx_word' id='word_1_46' title='bbox 219 1377 409 1464; x_wconf 87' lang='lat' dir='ltr'>Uxorem</span> <span class='ocrx_word' id='word_1_47' title='bbox 449 1379 567 1468; x_wconf 84' lang='lat' dir='ltr'>ducit</span> <span class='ocrx_word' id='word_1_48' title='bbox 601 1379 768 1464; x_wconf 89' lang='lat' dir='ltr'>Liviam</span> <span class='ocrx_word' id='word_1_49' title='bbox 813 1377 1066 1478; x_wconf 84' lang='lat' dir='ltr'>Orestillam,</span> <span class='ocrx_word' id='word_1_50' title='bbox 1103 1405 1234 1489; x_wconf 90' lang='lat' dir='ltr'>quam</span> <span class='ocrx_word' id='word_1_51' title='bbox 1270 1405 1362 1458; x_wconf 84' lang='lat' dir='ltr'>mox</span> 
     </span>
     <span class='ocr_line' id='line_1_9' title="bbox 218 1521 1365 1637; baseline -0.004 -29"><span class='ocrx_word' id='word_1_52' title='bbox 218 1526 422 1637; x_wconf 90' lang='lat' dir='ltr'>repudiat.</span> <span class='ocrx_word' id='word_1_53' title='bbox 503 1533 571 1615; x_wconf 77' lang='grc'>24.</span> <span class='ocrx_word' id='word_1_54' title='bbox 616 1523 852 1609; x_wconf 82' lang='lat' dir='ltr'>Labantem</span> <span class='ocrx_word' id='word_1_55' title='bbox 915 1521 1070 1608; x_wconf 83' lang='lat' dir='ltr'>famam</span> <span class='ocrx_word' id='word_1_56' title='bbox 1137 1523 1365 1636; x_wconf 68' lang='lat' dir='ltr'>propagata</span> 
     </span>
     <span class='ocr_line' id='line_1_10' title="bbox 217 1666 1399 1756; baseline -0.003 -4"><span class='ocrx_word' id='word_1_57' title='bbox 217 1667 498 1754; x_wconf 86' lang='lat' dir='ltr'>Saturnalium</span> <span class='ocrx_word' id='word_1_58' title='bbox 545 1670 752 1754; x_wconf 82' lang='lat' dir='ltr'>hilaritate</span> <span class='ocrx_word' id='word_1_59' title='bbox 798 1671 983 1753; x_wconf 88' lang='lat' dir='ltr'>sustinet.</span> <span class='ocrx_word' id='word_1_60' title='bbox 1060 1677 1129 1756; x_wconf 92' lang='grc'>25.</span> <span class='ocrx_word' id='word_1_61' title='bbox 1171 1666 1399 1751; x_wconf 38' lang='lat' dir='ltr'>Portenta*</span> 
     </span>
     <span class='ocr_line' id='line_1_11' title="bbox 219 1813 1368 1935; baseline -0.007 -34"><span class='ocrx_word' id='word_1_62' title='bbox 219 1827 362 1935; x_wconf 84' lang='lat' dir='ltr'>tamen</span> <span class='ocrx_word' id='word_1_63' title='bbox 381 1815 539 1928; x_wconf 88' lang='lat' dir='ltr'>vulgari</span> <span class='ocrx_word' id='word_1_64' title='bbox 554 1829 708 1930; x_wconf 88' lang='lat' dir='ltr'>coepta.</span> <span class='ocrx_word' id='word_1_65' title='bbox 759 1817 835 1910; x_wconf 87' lang='grc'>26.</span> <span class='ocrx_word' id='word_1_66' title='bbox 866 1815 1026 1899; x_wconf 82' lang='grc' dir='ltr'><strong>Εοιιιιιι</strong></span> <span class='ocrx_word' id='word_1_67' title='bbox 1044 1813 1201 1898; x_wconf 88' lang='lat' dir='ltr'>invidia</span> <span class='ocrx_word' id='word_1_68' title='bbox 1216 1813 1368 1896; x_wconf 92' lang='lat' dir='ltr'>Princi-</span> 
     </span>
     <span class='ocr_line' id='line_1_12' title="bbox 219 1959 1371 2074; baseline -0.003 -31"><span class='ocrx_word' id='word_1_69' title='bbox 219 1959 284 2074; x_wconf 91' lang='lat' dir='ltr'>pis</span> <span class='ocrx_word' id='word_1_70' title='bbox 298 1959 580 2072; x_wconf 85' lang='lat' dir='ltr'>popularitate</span> <span class='ocrx_word' id='word_1_71' title='bbox 598 1967 643 2046; x_wconf 88' lang='lat' dir='ltr'>et</span> <span class='ocrx_word' id='word_1_72' title='bbox 660 1959 907 2046; x_wconf 81' lang='lat' dir='ltr'>liberalitate</span> <span class='ocrx_word' id='word_1_73' title='bbox 925 1960 1157 2072; x_wconf 89' lang='lat' dir='ltr'>depellitur.</span> <span class='ocrx_word' id='word_1_74' title='bbox 1215 1969 1282 2056; x_wconf 92' lang='grc'>27.</span> <span class='ocrx_word' id='word_1_75' title='bbox 1313 1959 1371 2041; x_wconf 88' lang='lat' dir='ltr'>At</span> 
     </span>
     <span class='ocr_line' id='line_1_13' title="bbox 220 2103 1370 2220; baseline -0.002 -30"><span class='ocrx_word' id='word_1_76' title='bbox 220 2104 433 2190; x_wconf 87' lang='lat' dir='ltr'>malesana</span> <span class='ocrx_word' id='word_1_77' title='bbox 459 2105 547 2218; x_wconf 86' lang='lat' dir='ltr'>ejus</span> <span class='ocrx_word' id='word_1_78' title='bbox 579 2133 695 2190; x_wconf 89' lang='lat' dir='ltr'>mens</span> <span class='ocrx_word' id='word_1_79' title='bbox 712 2103 876 2190; x_wconf 81' lang='lat' dir='ltr'>nefariis</span> <span class='ocrx_word' id='word_1_80' title='bbox 910 2103 1124 2190; x_wconf 85' lang='lat' dir='ltr'>Heliconis</span> <span class='ocrx_word' id='word_1_81' title='bbox 1152 2118 1197 2190; x_wconf 90' lang='lat' dir='ltr'>et</span> <span class='ocrx_word' id='word_1_82' title='bbox 1215 2105 1370 2220; x_wconf 83' lang='lat' dir='ltr'>Apellis</span> 
     </span>
     <span class='ocr_line' id='line_1_14' title="bbox 220 2249 1373 2364; baseline 0 -30"><span class='ocrx_word' id='word_1_83' title='bbox 220 2252 378 2346; x_wconf 87' lang='lat' dir='ltr'>artibus</span> <span class='ocrx_word' id='word_1_84' title='bbox 398 2251 705 2364; x_wconf 81' lang='lat' dir='ltr'>pessumdatur.</span> <span class='ocrx_word' id='word_1_85' title='bbox 743 2260 813 2339; x_wconf 90' lang='grc'>28.</span> <span class='ocrx_word' id='word_1_86' title='bbox 845 2249 1028 2336; x_wconf 86' lang='lat' dir='ltr'>Effraena</span> <span class='ocrx_word' id='word_1_87' title='bbox 1042 2251 1373 2364; x_wconf 88' lang='lat' dir='ltr'>spectaculorum</span> 
     </span>
     <span class='ocr_line' id='line_1_15' title="bbox 221 2393 1374 2508; baseline 0 -27"><span class='ocrx_word' id='word_1_88' title='bbox 221 2395 365 2482; x_wconf 90' lang='lat' dir='ltr'>libido.</span> <span class='ocrx_word' id='word_1_89' title='bbox 422 2403 491 2493; x_wconf 89' lang='grc'>29.</span> <span class='ocrx_word' id='word_1_90' title='bbox 523 2393 657 2483; x_wconf 85' lang='lat' dir='ltr'>Favet</span> <span class='ocrx_word' id='word_1_91' title='bbox 690 2407 878 2491; x_wconf 87' lang='lat' dir='ltr'>senatus;</span> <span class='ocrx_word' id='word_1_92' title='bbox 909 2423 1070 2508; x_wconf 88' lang='lat' dir='ltr'>suaque</span> <span class='ocrx_word' id='word_1_93' title='bbox 1103 2397 1210 2483; x_wconf 90' lang='lat' dir='ltr'>inter</span> <span class='ocrx_word' id='word_1_94' title='bbox 1230 2397 1374 2484; x_wconf 87' lang='lat' dir='ltr'>funera</span> 
     </span>
     <span class='ocr_line' id='line_1_16' title="bbox 222 2540 1374 2657; baseline 0.002 -34"><span class='ocrx_word' id='word_1_95' title='bbox 222 2540 390 2656; x_wconf 86' lang='lat' dir='ltr'>plaudit</span> <span class='ocrx_word' id='word_1_96' title='bbox 416 2544 613 2655; x_wconf 90' lang='lat' dir='ltr'>populus.</span> <span class='ocrx_word' id='word_1_97' title='bbox 670 2550 741 2629; x_wconf 94' lang='grc'><strong>30.</strong></span> <span class='ocrx_word' id='word_1_98' title='bbox 771 2540 986 2625; x_wconf 86' lang='lat' dir='ltr'>Macronis</span> <span class='ocrx_word' id='word_1_99' title='bbox 1018 2544 1193 2657; x_wconf 86' lang='lat' dir='ltr'>ejusque</span> <span class='ocrx_word' id='word_1_100' title='bbox 1227 2544 1374 2630; x_wconf 82' lang='lat' dir='ltr'>domrts</span> 
     </span>
     <span class='ocr_line' id='line_1_17' title="bbox 223 2685 1377 2803; baseline 0.003 -34"><span class='ocrx_word' id='word_1_101' title='bbox 223 2686 356 2770; x_wconf 68' lang='lat' dir='ltr'>rauna.</span> <span class='ocrx_word' id='word_1_102' title='bbox 411 2694 483 2773; x_wconf 84' lang='lat'>31.</span> <span class='ocrx_word' id='word_1_103' title='bbox 514 2685 581 2771; x_wconf 90' lang='lat' dir='ltr'>Ut</span> <span class='ocrx_word' id='word_1_104' title='bbox 612 2688 751 2801; x_wconf 78' lang='lat' dir='ltr'>plures</span> <span class='ocrx_word' id='word_1_105' title='bbox 782 2688 976 2799; x_wconf 84' lang='lat' dir='ltr'>perirent,</span> <span class='ocrx_word' id='word_1_106' title='bbox 1005 2692 1243 2803; x_wconf 80' lang='lat' dir='ltr'>excogitata</span> <span class='ocrx_word' id='word_1_107' title='bbox 1269 2721 1377 2777; x_wconf 85' lang='lat' dir='ltr'>nova</span> 
     </span>
     <span class='ocr_line' id='line_1_18' title="bbox 224 2828 1378 2923; baseline 0.003 -7"><span class='ocrx_word' id='word_1_108' title='bbox 224 2832 411 2916; x_wconf 85' lang='lat' dir='ltr'>crimina.</span> <span class='ocrx_word' id='word_1_109' title='bbox 502 2834 571 2917; x_wconf 79' lang='grc'>82.</span> <span class='ocrx_word' id='word_1_110' title='bbox 630 2830 749 2919; x_wconf 85' lang='lat' dir='ltr'>Mors</span> <span class='ocrx_word' id='word_1_111' title='bbox 815 2828 1023 2920; x_wconf 75' lang='lat' dir='ltr'>Drusillae.</span> <span class='ocrx_word' id='word_1_112' title='bbox 1119 2838 1378 2923; x_wconf 85' lang='lat' dir='ltr'>Immodesta</span> 
     </span>
     <span class='ocr_line' id='line_1_19' title="bbox 226 2971 1377 3087; baseline 0.006 -26"><span class='ocrx_word' id='word_1_113' title='bbox 226 2976 435 3087; x_wconf 81' lang='lat' dir='ltr'>Principis</span> <span class='ocrx_word' id='word_1_114' title='bbox 452 2971 631 3062; x_wconf 86' lang='lat' dir='ltr'>trlstitia.</span> <span class='ocrx_word' id='word_1_115' title='bbox 671 2988 741 3069; x_wconf 89' lang='grc'><strong>38.</strong></span> <span class='ocrx_word' id='word_1_116' title='bbox 762 2976 961 3066; x_wconf 81' lang='lat' dir='ltr'>Coelestes</span> <span class='ocrx_word' id='word_1_117' title='bbox 976 2980 1172 3068; x_wconf 82' lang='lat' dir='ltr'>Drusillae</span> <span class='ocrx_word' id='word_1_118' title='bbox 1190 2985 1377 3070; x_wconf 88' lang='lat' dir='ltr'>honores.</span> 
     </span>
     <span class='ocr_line' id='line_1_20' title="bbox 226 3120 1381 3218; baseline 0.008 -9"><span class='ocrx_word' id='word_1_119' title='bbox 226 3130 296 3210; x_wconf 76' lang='lat'>34.</span> <span class='ocrx_word' id='word_1_120' title='bbox 355 3120 465 3207; x_wconf 86' lang='lat' dir='ltr'>Livii</span> <span class='ocrx_word' id='word_1_121' title='bbox 485 3120 671 3209; x_wconf 88' lang='lat' dir='ltr'>Geminii</span> <span class='ocrx_word' id='word_1_122' title='bbox 689 3122 887 3211; x_wconf 86' lang='lat' dir='ltr'>adulatio.</span> <span class='ocrx_word' id='word_1_123' title='bbox 945 3126 1168 3213; x_wconf 89' lang='lat' dir='ltr'>Publicum</span> <span class='ocrx_word' id='word_1_124' title='bbox 1187 3132 1231 3215; x_wconf 90' lang='lat' dir='ltr'>in</span> <span class='ocrx_word' id='word_1_125' title='bbox 1264 3136 1381 3218; x_wconf 84' lang='lat' dir='ltr'>exiti·</span> 
     </span>
    </p>
   </div>
   <div class='ocr_carea' id='block_1_3' title="bbox 113 3283 1381 3380">
    <p class='ocr_par' dir='ltr' id='par_1_3' title="bbox 113 3283 1381 3380">
     <span class='ocr_line' id='line_1_21' title="bbox 113 3283 1381 3380; baseline 0.009 -14"><span class='ocrx_word' id='word_1_126' title='bbox 113 3298 117 3303; x_wconf 86' lang='lat'>&#39;</span> <span class='ocrx_word' id='word_1_127' title='bbox 227 3310 302 3367; x_wconf 90' lang='lat' dir='ltr'>nm</span> <span class='ocrx_word' id='word_1_128' title='bbox 322 3286 447 3370; x_wconf 82' lang='lat' dir='ltr'>vertit</span> <span class='ocrx_word' id='word_1_129' title='bbox 471 3283 666 3373; x_wconf 87' lang='lat' dir='ltr'>Drusillae</span> <span class='ocrx_word' id='word_1_130' title='bbox 701 3288 853 3375; x_wconf 87' lang='lat' dir='ltr'>cultus</span> <span class='ocrx_word' id='word_1_131' title='bbox 909 3297 979 3377; x_wconf 90' lang='grc'><strong>35</strong></span> <span class='ocrx_word' id='word_1_132' title='bbox 1009 3290 1147 3376; x_wconf 91' lang='lat' dir='ltr'>Lollia</span> <span class='ocrx_word' id='word_1_133' title='bbox 1191 3292 1381 3380; x_wconf 89' lang='lat' dir='ltr'>Paullina</span> 
     </span>
    </p>
   </div>
   <div class='ocr_carea' id='block_1_4' title="bbox 168 3426 1381 4130">
    <p class='ocr_par' dir='ltr' id='par_1_4' title="bbox 168 3426 1381 4130">
     <span class='ocr_line' id='line_1_22' title="bbox 228 3426 1381 3568; baseline 0.009 -55"><span class='ocrx_word' id='word_1_134' title='bbox 228 3426 413 3543; x_wconf 88' lang='lat' dir='ltr'>Principi</span> <span class='ocrx_word' id='word_1_135' title='bbox 433 3442 583 3545; x_wconf 85' lang='lat' dir='ltr'>nupta,</span> <span class='ocrx_word' id='word_1_136' title='bbox 611 3434 716 3521; x_wconf 86' lang='lat' dir='ltr'>miro</span> <span class='ocrx_word' id='word_1_137' title='bbox 744 3434 866 3520; x_wconf 82' lang='lat' dir='ltr'>luxlls</span> <span class='ocrx_word' id='word_1_138' title='bbox 886 3450 1109 3568; x_wconf 83' lang='lat' dir='ltr'>apparatu.</span> <span class='ocrx_word' id='word_1_139' title='bbox 1165 3438 1235 3525; x_wconf 90' lang='grc'><strong>36.</strong></span> <span class='ocrx_word' id='word_1_140' title='bbox 1267 3438 1381 3524; x_wconf 85' lang='lat' dir='ltr'>Data</span> 
     </span>
     <span class='ocr_line' id='line_1_23' title="bbox 228 3556 1380 3696; baseline 0.011 -40"><span class='ocrx_word' id='word_1_141' title='bbox 228 3600 369 3687; x_wconf 83' lang='lat' dir='ltr'>regna.</span> <span class='ocrx_word' id='word_1_142' title='bbox 445 3584 514 3677; x_wconf 90' lang='grc'><strong>37.</strong></span> <span class='ocrx_word' id='word_1_143' title='bbox 534 3556 760 3696; x_wconf 83' lang='lat' dir='ltr'>Agrippa,</span> <span class='ocrx_word' id='word_1_144' title='bbox 817 3582 1115 3667; x_wconf 84' lang='lat' dir='ltr'>Alexandriam</span> <span class='ocrx_word' id='word_1_145' title='bbox 1161 3584 1380 3696; x_wconf 84' lang='lat' dir='ltr'>profectus,</span> 
     </span>
     <span class='ocr_line' id='line_1_24' title="bbox 229 3717 1381 3837; baseline 0.006 -33"><span class='ocrx_word' id='word_1_146' title='bbox 229 3717 318 3804; x_wconf 89' lang='lat' dir='ltr'>ibl</span> <span class='ocrx_word' id='word_1_147' title='bbox 307 3719 464 3833; x_wconf 77' lang='lat' dir='ltr'>injuriis</span> <span class='ocrx_word' id='word_1_148' title='bbox 482 3726 708 3837; x_wconf 90' lang='lat' dir='ltr'>appetitur,</span> <span class='ocrx_word' id='word_1_149' title='bbox 729 3724 1024 3813; x_wconf 85' lang='lat' dir='ltr'>FlacciAvillii</span> <span class='ocrx_word' id='word_1_150' title='bbox 1045 3731 1291 3832; x_wconf 85' lang='lat' dir='ltr'>temeritate,</span> <span class='ocrx_word' id='word_1_151' title='bbox 1312 3742 1381 3815; x_wconf 89' lang='lat' dir='ltr'>aut</span> 
     </span>
     <span class='ocr_line' id='line_1_25' title="bbox 230 3864 1381 3988; baseline 0.011 -42"><span class='ocrx_word' id='word_1_152' title='bbox 230 3864 405 3949; x_wconf 78' lang='lat' dir='ltr'>incurid.</span> <span class='ocrx_word' id='word_1_153' title='bbox 461 3875 531 3965; x_wconf 92' lang='grc'><strong>39.</strong></span> <span class='ocrx_word' id='word_1_154' title='bbox 562 3864 696 3959; x_wconf 89' lang='lat' dir='ltr'>Poena</span> <span class='ocrx_word' id='word_1_155' title='bbox 728 3872 882 3956; x_wconf 90' lang='lat' dir='ltr'>Avillii.</span> <span class='ocrx_word' id='word_1_156' title='bbox 950 3882 1020 3958; x_wconf 87' lang='grc'>41.</span> <span class='ocrx_word' id='word_1_157' title='bbox 1049 3872 1226 3959; x_wconf 88' lang='lat' dir='ltr'>Publica</span> <span class='ocrx_word' id='word_1_158' title='bbox 1259 3902 1381 3988; x_wconf 87' lang='lat' dir='ltr'>opera</span> 
     </span>
     <span class='ocr_line' id='line_1_26' title="bbox 168 4006 1379 4130; baseline 0.011 -41"><span class='ocrx_word' id='word_1_159' title='bbox 168 4094 170 4099; x_wconf 70' lang='grc'>,</span> <span class='ocrx_word' id='word_1_160' title='bbox 230 4006 497 4097; x_wconf 86' lang='lat' dir='ltr'>laudabiliter</span> <span class='ocrx_word' id='word_1_161' title='bbox 514 4030 723 4130; x_wconf 86' lang='lat' dir='ltr'>suscepta,</span> <span class='ocrx_word' id='word_1_162' title='bbox 743 4020 1066 4105; x_wconf 88' lang='lat' dir='ltr'>leviteromissa.</span> <span class='ocrx_word' id='word_1_163' title='bbox 1123 4031 1193 4108; x_wconf 80' lang='grc'>42.</span> <span class='ocrx_word' id='word_1_164' title='bbox 1223 4018 1379 4105; x_wconf 87' lang='lat' dir='ltr'>Mortes</span> 
     </span>
    </p>
   </div>
   <div class='ocr_carea' id='block_1_5' title="bbox 231 4150 1378 4397">
    <p class='ocr_par' dir='ltr' id='par_1_5' title="bbox 231 4150 1378 4397">
     <span class='ocr_line' id='line_1_27' title="bbox 231 4150 1378 4270; baseline 0.012 -35"><span class='ocrx_word' id='word_1_165' title='bbox 231 4150 465 4270; x_wconf 89' lang='lat' dir='ltr'>laudesque</span> <span class='ocrx_word' id='word_1_166' title='bbox 491 4158 690 4247; x_wconf 86' lang='lat' dir='ltr'>Antoniae</span> <span class='ocrx_word' id='word_1_167' title='bbox 713 4176 758 4249; x_wconf 84' lang='lat' dir='ltr'>et</span> <span class='ocrx_word' id='word_1_168' title='bbox 780 4166 811 4259; x_wconf 88' lang='lat' dir='ltr'>J</span> <span class='ocrx_word' id='word_1_169' title='bbox 813 4166 885 4253; x_wconf 89' lang='lat' dir='ltr'>ulu</span> <span class='ocrx_word' id='word_1_170' title='bbox 905 4166 1104 4255; x_wconf 85' lang='lat' dir='ltr'>Graecini.</span> <span class='ocrx_word' id='word_1_171' title='bbox 1164 4168 1378 4253; x_wconf 80' lang='lat' dir='ltr'>Passienus</span> 
     </span>
     <span class='ocr_line' id='line_1_28' title="bbox 232 4294 756 4397; baseline 0.027 -13"><span class='ocrx_word' id='word_1_172' title='bbox 232 4294 395 4392; x_wconf 81' lang='lat' dir='ltr'>heredis</span> <span class='ocrx_word' id='word_1_173' title='bbox 408 4302 554 4395; x_wconf 86' lang='lat' dir='ltr'>fraude</span> <span class='ocrx_word' id='word_1_174' title='bbox 572 4321 756 4397; x_wconf 84' lang='lat' dir='ltr'>enectus.</span> 
     </span>
    </p>
   </div>
   <div class='ocr_carea' id='block_1_6' title="bbox 0 0 1461 4950">
    <p class='ocr_par' dir='ltr' id='par_1_6' title="bbox 0 0 1461 4950">
     <span class='ocr_line' id='line_1_29' title="bbox 0 0 1461 4950; baseline 0 0"><span class='ocrx_word' id='word_1_175' title='bbox 0 0 1461 4950; x_wconf 95' lang='lat' dir='ltr'> </span> 
     </span>
    </p>
   </div>
  </div>
 </body>
</html>
