2859 4950
330 297 543 359 unrocus
567 297 623 358 nn
645 270 919 362 onrromuus.
1139 300 1200 376 199
1238 355 1241 362 .

54 455 158 545 verba,
167 451 269 544 dura,
280 477 319 528 ac
336 453 396 528 vix
408 457 540 553 juncta,
554 435 634 553 quae
650 455 841 530 necessitati
857 437 999 532 tanturn
1011 439 1197 536 sufficiant:

55 573 174 645 Contra
188 570 241 660 iis,
268 569 328 668 qui
342 562 542 667 Principum
558 571 704 645 arbitriis
726 590 910 674 reguntur,
934 591 1200 674 regnorumque¹

54 687 274 785 tranquillitati
315 703 349 758 et
390 686 514 783 opibus
556 687 749 778 insuevere,
790 688 930 787 elegans
966 690 1201 790 copiosusque

54 797 172 892 sermo,
204 804 250 874 ad
287 803 548 876 assentationem
574 803 798 908 compositus,
832 805 892 902 qui
923 806 995 878 otio
1028 825 1062 880 et
1096 807 1197 882 luxui

54 919 175 990 abunde
201 936 371 1016 suppetat.
424 918 598 994 Gentibus
623 925 763 1009 autem,
781 906 865 1020 quae>
885 914 1066 994 communi
1089 923 1196 996 socie·

54 1037 114 1108 tatis
130 1037 321 1135 legumque
336 1035 476 1108 vinculo
492 1035 726 1124 continentur,
751 1053 785 1110 at
801 1036 1010 1134 primaevum
1032 1039 1203 1113 libertatis

51 1156 97 1250 jus
119 1154 306 1242 retinuere,
331 1153 427 1250 quod
451 1151 577 1251 singuli
602 1153 657 1226 vel
683 1153 801 1250 capitis
824 1153 980 1251 periculo
1008 1148 1198 1227 defendere

54 1285 232 1358 teneantur,
262 1285 297 1340 et
313 1267 334 1338 i
351 1267 488 1340 nemine
509 1267 582 1340 sine
603 1269 734 1342 scelere
753 1270 877 1344 violari.
901 1270 1025 1360 valeat,
1037 1287 1197 1367 promta,

53 1387 138 1474 acris,
153 1385 269 1458 vivida
285 1407 496 1483 pugnaxque
513 1383 633 1460 oratio.
683 1385 731 1458 Et
746 1384 774 1458 si
790 1382 882 1460 forte
892 1386 1026 1460 interna
1041 1387 1197 1462 oriantur

54 1502 186 1593 dissidia,
203 1519 263 1575 aut
281 1500 309 1574 si
325 1517 468 1572 externa
484 1500 535 1572 vis
547 1499 724 1574 servitium
740 1501 899 1575 minitans
914 1502 1065 1601 ingruat,
1081 1503 1196 1576 statim

54 1617 299 1717 ineloquentiae
316 1615 461 1689 fulmina
477 1637 678 1714 erumpunt,
693 1617 818 1716 quibus
833 1635 893 1691 aut
905 1617 1043 1691 turbida
1058 1617 1196 1718 ingenia

54 1733 247 1807 seditionum
273 1733 427 1806 flammas
444 1735 665 1823 exsuscitent,
690 1752 750 1808 aut
774 1733 905 1834 egregii
929 1735 1021 1808 cives
1037 1733 1196 1831 publicos

55 1850 154 1924 hostes
185 1861 339 1941 arceant,
372 1868 406 1922 et
440 1853 626 1924 commune
660 1850 822 1924 libertatis
853 1853 987 1923 bonum
1020 1867 1202 1940 tueantur„

55 1966 235 2066 eloquendi
252 1967 338 2042 sui¹
356 1968 450 2040 haud
461 1967 596 2058 rniruls,
609 1967 718 2065 quim
733 1967 849 2058 armis,
865 1966 1044 2042 terribiles.

93 2201 185 2278 XIV.
211 2207 312 2278 INnn
342 2203 465 2278 lrbcras
487 2202 578 2306 apud
603 2219 724 2302 gentes
750 2200 927 2292 nobilitata
946 2217 998 2276 tot
1018 2218 1198 2276 oratorum

56 2320 190 2394 nomina
216 2323 305 2394 Inde
318 2326 495 2396 oratorum
507 2343 677 2411 summus,
689 2317 1201 2409 Demostlrenes,'adsummum

57 2435 246 2535 eloquentia·
271 2430 461 2541 gloriaque
485 2436 659 2537 fastigium
675 2453 815 2512 evectus
830 2452 892 2510 est.
940 2435 1039 2547 *Vrdit
1053 2434 1199 2533 patriam
1224 2439 1227 2443 ’

57 2552 168 2629 deliciis
205 2553 434 2644 diffluentem,
472 2554 596 2652 opibus
634 2553 812 2650 corrumpi
844 2551 994 2642 facilem,
1030 2576 1096 2625 nec
1124 2554 1202 2649 jam

58 2671 215 2745 servitium
234 2688 427 2771 paventem.
479 2670 574 2744 Vidit
590 2671 708 2769 patriae
724 2671 912 2743 inhiantem
934 2693 1068 2771 regem,
1091 2668 1202 2743 vieto.

58 2784 104 2857 riis
129 2790 295 2879 nobilem,
318 2786 526 2864 exercitibus
540 2788 826 2879 formidandum,
850 2786 926 2861 auri
951 2784 1051 2884 copiti
1078 2808 1199 2883 super·

59 2902 141 2995 bum,
166 2909 264 2995 dolo,
288 2906 414 2979 virtute
428 2902 619 3003 potentem,
644 2906 761 2979 omnia
776 2920 959 2993 ausurum,
984 2904 1070 2990 dum
1087 2898 1198 2976 modo

60 3016 184 3097 invisam
208 3023 274 3099 sibi
303 3022 494 3096 libertatem
511 3020 749 3095 exscinderet.
801 3020 906 3093 Unus
928 3018 1197 3108 Demosthenes,

60 3136 185 3235 solique
199 3137 265 3213 sui
282 3136 478 3236 eloquendi
494 3154 657 3226 armatus,
674 3120 844 3210 adversus
861 3133 1068 3208 domesticos
1084 3151 1207 3221 extem

61 3272 176 3351 nosque
192 3256 309 3329 hostes
325 3270 391 3351 stat
406 3251 601 3325 interritus:
628 3252 773 3349 patriam
790 3251 813 3323 a
828 3267 971 3325 veterno
987 3266 1138 3339 revocat,
1162 3266 1199 3323 et

62 3386 138 3440 novo
165 3370 345 3444 libertatis
353 3394 472 3443 amore
493 3368 692 3443 succendit:
729 3367 928 3466 Philippum
958 3365 1078 3456 eludit,
1107 3382 1199 3439 artes

63 3483 122 3575 ejus
144 3486 278 3586 retegit,
294 3484 335 3558 'ei
346 3486 476 3559 'conllat
492 3486 581 3559 odia.
634 3486 783 3582 Quantis
809 3508 896 3582 opus
912 3482 977 3557 fuit
992 3480 1205 3581 eloquentia·

64 3592 255 3696 fulguribus,
281 3618 319 3673 ut
340 3602 473 3675 animos
494 3592 764 3701 perstringeret?
815 3600 957 3707 Quanti
972 3596 1135 3692 orationis
1150 3598 1199 3687 vi,

65 3729 95 3783 ut
109 3736 216 3811 parata
232 3736 283 3791 tot
296 3716 568 3793 machinamenta
583 3716 822 3793 subverteret?
873 3720 973 3814 Quot
987 3714 1038 3787 illi
1050 3715 1200 3787 subeun-

66 3827 277 3928 dapericula!
330 3840 380 3908 At
395 3834 434 3908 iis
450 3834 640 3909 valescebat
657 3832 919 3909 discrimiru'bus.
969 3829 1093 3905 Patriae
1115 3827 1200 3903 cari-

68 3958 132 4035 tate,
169 3952 292 4025 servitii
336 3952 430 4041 odi0,
468 3950 630 4025 libertatis
670 3968 757 4025 aestu
775 3988 779 3997 ·
800 3951 993 4037 instinctus,
1032 3945 1199 4044 certique

1138 4060 1184 4079 ΟΛ

68 4054 305 4143 inmortalitatis
321 4092 394 4168 spe,
405 4088 510 4167 quana
521 4070 594 4167 jam
610 4067 898 4167 praesentiscebat,
915 4062 1097 4175 animatus,
1112 4062 1198 4138 nrhrl
1218 4143 1224 4155 ⁸

104 4359 362 4448 ‘Eloquentidsrd
403 4371 437 4428 ln
451 4369 595 4429 acerrimis
647 4369 751 4439 causis,
765 4363 1079 4441 nascitureloqucntis.
1114 4354 1198 4422 Nilril

75 4444 166 4507 'actim
186 4453 308 4533 ingeniis,
337 4464 366 4509 ct
387 4472 423 4514 ex
452 4452 596 4517 acerrimis
649 4450 890 4509 uutemlibcrtute
903 4446 1009 4507 acrius.
