2859 4950
239 257 278 339 se
617 250 1031 349 cconunuumcm

218 407 353 491 acrius
392 405 597 483 animantur.
656 408 742 483 Non
773 408 1027 496 numeraverim
1061 407 1151 485 inter
1183 412 1370 489 Germania

237 522 399 624 populos,
416 548 626 625 quamquam
640 540 735 603 trans
753 525 919 633 Rhenum
935 526 1205 625 Danubiumque
1220 531 1372 603 consede.

237 631 320 729 rint,
334 665 408 730 eos,
424 640 484 739 qui
499 642 710 716 Decumates
722 644 845 744 agros'
859 659 1033 719 exercent
1074 643 1280 721 Levissimus
1292 645 1374 743 qule-

237 780 308 855 que
325 754 524 846 Gallorum,
548 774 584 831 et
608 757 725 856 inopii
750 760 877 851 audax,
899 760 1014 835 dubias
1030 758 1249 859 possessionis
1269 759 1374 833 solum

237 894 462 968 occupavere.
495 873 587 947 Mox
601 873 709 947 limite
729 880 833 966 aeto,²
849 875 1084 975 promotisque
1099 876 1277 975 pecuniis,
1291 874 1375 949 nutu

218 1061 221 1068 .
238 982 384 1085 imperii,
400 1005 436 1097 et
450 1014 529 1087 pars
544 988 731 1088 provincia
747 991 927 1067 habentur.

290 1232 351 1299 so.
378 1224 528 1331 uum
552 1223 618 1298 uos
635 1223 748 1301 cum
774 1223 908 1299 mrum
932 1206 1024 1299 uus
1045 1226 1088 1299 ab
1105 1222 1283 1322 Hercynio
1299 1220 1378 1300 sun

240 1337 416 1427 inchoant,
440 1340 575 1415 nonita
589 1340 704 1420 effusis
719 1363 759 1415 ac
776 1340 983 1439 palustribus
1000 1340 1096 1429 locis,
1114 1356 1153 1411 ut
1168 1355 1293 1413 ceterae
1310 1337 1379 1411 civi-

126 1461 133 1465 “
238 1468 338 1542 tates,
363 1451 400 1527 in
416 1480 500 1553 quas
518 1456 712 1530 Germania
735 1457 899 1555 patescit:
925 1455 1050 1528 durant
1074 1453 1246 1553 siquidem
1269 1453 1379 1540 colles,

238 1568 404 1669 paulatim
427 1587 625 1645 rarescunt:
649 1567 686 1645 et
710 1575 831 1646 Cattos
846 1595 929 1645 suos
943 1572 1048 1647 saltus
1062 1570 1287 1679 Hercynius*
1310 1592 1380 1665 pro·

245 1784 383 1845 Mattiaci
400 1786 495 1848 acrirls
514 1786 789 1867 unimahautur,pro
839 1800 905 1847 sunt
932 1797 1077 1864 tamquam
1104 1788 1182 1845 sinus
1210 1783 1332 1863 imperii,
1355 1790 1378 1839 et

245 1864 329 1923 solitis
349 1865 478 1925 locorum
493 1870 710 1946 animorumque
724 1888 791 1947 cog·
841 1888 905 1947 purs
918 1868 1082 1945 provincie,
1094 1868 1259 1927 Genunniae
1276 1864 1377 1924 scilicet

246 1946 371 2003 natione.
840 1950 1002 2057 superioris.
1337 1954 1346 1972 ²

916 2025 1166 2086 UllruhnsCulli.
1192 2025 1279 2085 Ultra
1290 2026 1383 2082 Desu-
1410 2050 1411 2059 2

247 2152 254 2163 .
288 2101 298 2131 ²
322 2106 489 2167 Decumates
499 2128 596 2187 ugron·
617 2108 789 2167 Decumates
843 2118 930 2167 mutes
941 2128 1021 2185 agros
1034 2107 1123 2175 Cuttl,
1136 2126 1263 2182 quorum
1274 2102 1381 2179 amplis·

248 2187 319 2262 agri,
328 2206 404 2245 nunc
414 2186 529 2247 Sauliu.
544 2188 630 2254 cnm,
640 2190 694 2245 sub
704 2188 787 2247 tinem
839 2190 995 2251 sinrnsedes
1006 2190 1077 2245 inter
1090 2188 1237 2254 Rhenum,
1247 2188 1379 2249 llloenun,
1410 2204 1411 2211 ¹

250 2264 361 2348 imperii
381 2270 500 2327 Caesuris
522 2268 654 2344 Augusti,
676 2269 792 2327 Marco·
818 2272 819 2275 ’
842 2269 996 2345 δαὶαιηᾳιιο
1009 2268 1108 2327 llurius
1120 2280 1149 2325 et
1161 2267 1280 2345 sylvam
1300 2266 1380 2323 Ruec-

249 2347 356 2417 mnnni,
375 2348 550 2411 relictissuis
562 2348 676 2406 sedibus
690 2348 790 2407 Rheno
842 2351 910 2407 nim.
962 2346 1187 2417 Observandum,
1216 2346 1298 2424 quod
1326 2363 1381 2402 eru·

248 2428 399 2506 proximis,
412 2430 442 2488 in
454 2429 603 2488 Boiemnm
616 2427 791 2506 migrlasent,
842 2427 893 2488 diti
918 2429 974 2488 riri
1000 2448 1073 2506 saepe
1092 2430 1153 2506 jum
1176 2444 1324 2495 monuere,
1343 2444 1380 2493 en,

249 2525 344 2569 vacua
355 2529 455 2570 eorum
468 2511 533 2569 loca
543 2529 583 2568 ex
598 2509 703 2578 Gallis,
713 2511 791 2568 Rau·
842 2529 907 2588 quae
920 2509 938 2568 J
942 2510 1017 2568 nlius
1034 2513 1139 2576 Caesur,
1161 2507 1277 2580 Florus,
1296 2505 1383 2564 Ptole-

186 2624 193 2634 ·
250 2591 327 2650 meis
343 2591 454 2649 scilicet
470 2601 500 2650 et
519 2591 668 2668 Sequanis,
688 2590 793 2647 leuissi·
843 2609 941 2661 maeus,
954 2591 989 2648 de
1005 2589 1103 2648 Suetis
1117 2587 1237 2662 dixere,
1249 2591 1287 2646 de
1300 2587 1384 2645 Cattis

250 2687 315 2728 mus
339 2671 461 2748 quisque
487 2689 674 2748 occupavere.
722 2672 792 2748 Agri
844 2689 901 2728 esse
913 2670 1103 2747 intelligenda.
1144 2669 1291 2727 Eruditus
1308 2665 1384 2724 Leib-

251 2746 294 2807 illi
309 2751 483 2810 Decumates
493 2752 560 2808 iude
573 2750 642 2808 dicti
651 2749 791 2817 uidentur,
844 2751 943 2820 nitius,
970 2751 1127 2826 Scriptores
1156 2747 1386 2816 Brunsuieenses,
1410 2797 1411 2818 2

250 2829 333 2906 qubd
347 2831 458 2900 incole,
474 2833 683 2890 Germanorum
697 2829 793 2888 incur·
846 2831 912 2889 Vol.
928 2849 951 2889 1.
969 2851 997 2908 p.
1015 2837 1060 2888 10.
1081 2839 1164 2907 putat
1181 2831 1287 2888 Cattos
1301 2829 1386 2886 dictos
1410 2831 1411 2904 l

252 2909 379 2969 sionibus
398 2911 527 2979 obnoxii,
546 2918 581 2968 ut
600 2911 630 2968 in
652 2910 793 2968 Romano·
844 2931 901 2968 esse
926 2911 942 2968 h
965 2911 1077 2976 felibus,
1103 2909 1250 2967 acerrimo
1272 2905 1385 2967 auimall
1410 2907 1411 2970 l

254 3009 317 3050 rum
344 2990 429 3050 fidem
451 2992 651 3070 reciperentur,
676 3008 794 3067 proven·
844 2991 921 3067 quod
934 2993 970 3048 ab
983 2991 1046 3048 aliis
1059 2990 1152 3062 Culte,
1163 2991 1201 3047 ab
1219 2991 1288 3049 aliis
1303 2991 1388 3049 Herse
1410 2985 1411 2988 ’

254 3079 338 3135 tuum
366 3071 505 3130 decimam
538 3071 691 3130 solverint.v
738 3071 794 3128 Eos
845 3087 1037 3148 nuncupatur.

252 3150 332 3211 uallo
345 3152 467 3212 munivit
480 3152 652 3210 Hadrianus.
674 3149 792 3210 Vallum
882 3147 1014 3209 ⁴Sullas
1035 3145 1207 3228 Hercynius.
1242 3151 1289 3208 De
1313 3146 1388 3228 sylvi

257 3231 422 3304 Ntustadio,
450 3235 585 3302 Neustut,
617 3231 724 3308 oppido
758 3230 792 3288 nd
846 3232 991 3310 Hercynii
1004 3233 1065 3306 jam
1079 3231 1190 3288 dictum
1212 3236 1306 3308 supra
1318 3238 1388 3287 Anu.

257 3312 427 3374 Danubium
449 3315 526 3372 huud
548 3311 647 3388 procul
669 3311 796 3381 Almoni,
829 3329 883 3374 ,11.
907 3316 956 3370 45.
989 3313 1064 3380 Quae
1088 3308 1154 3367 veru
1178 3310 1271 3386 hujus
1307 3309 1391 3387 sylem

257 3395 397 3466 crentur,
415 3395 494 3454 fluuii
507 3395 586 3452 ostiis
603 3393 668 3461 sito,
687 3391 724 3450 ud
746 3392 798 3448 llu-
848 3401 917 3449 tuuc
937 3391 1023 3450 fuerit
1041 3391 1125 3450 faciet
1146 3385 1389 3456 scrihi2·Plirrius,‘

257 3475 337 3532 vium
348 3476 482 3544 Nicrum,
494 3475 541 3533 rue
560 3474 684 3540 Neclcr,
703 3470 797 3528 vershs
849 3472 1008 3529 Germaniae
1025 3471 1158 3529 oculatus
1170 3474 1263 3540 testis,
1275 3487 1348 3530 xv1.
1361 3474 1389 3528 2.

257 3555 397 3633 oppidum
431 3555 615 3632 Wimpiunm,
650 3551 797 3629 ll'impffrn,
850 3553 1000 3628 Hercpuiu
1019 3552 1102 3628 syl-eo:
1121 3552 1390 3611 roborum'oaatitus

231 3681 235 3688 .
257 3654 309 3714 per
335 3635 486 3712 sexaginta
507 3635 657 3692 leucarum
684 3632 799 3689 Franci·
849 3633 957 3690 ualuere
971 3632 1048 3699 urin,
1069 3639 1097 3688 et
1115 3633 1268 3710 congenito
1285 3632 1394 3696 munde,

258 3733 359 3775 carum
383 3716 477 3793 eperia
496 3716 708 3772 continuatum.
752 3712 797 3768 De
847 3733 932 3788 prope
944 3712 1094 3769 numortuli
1104 3719 1180 3769 sorte
1195 3713 1340 3771 miracula
1351 3729 1391 3766 cc·

259 3793 796 3872 Decumatibusngris,unlloque,quo‹l
850 3793 932 3850 cedit.
975 3791 1018 3850 Ut
1046 3793 1104 3850 elin
1133 3790 1309 3850 cunctantur
1331 3790 1390 3867 jule

188 3894 193 3906 ·
259 3875 294 3936 iis
304 3877 542 3954 protendebatur,
553 3873 638 3949 plura
647 3872 710 3929 vide
719 3873 796 3948 apud
850 3873 987 3944 caritura,
1006 3879 1115 3930 conatur
1128 3871 1226 3930 attolli
1245 3873 1333 3930 celles
1353 3889 1393 3928 or-

258 3957 405 4020 eruditum
418 3951 798 4032 Schoepfliumuatiuiuu-
850 3952 1018 4010 certantium
1030 3952 1106 4010 inter
1117 3972 1146 4010 rc
1158 3951 1291 4011 radicum
1305 3967 1394 4028 rcpcr·

260 4045 351 4106 tratn,
364 4035 431 4096 vot.
443 4054 466 4094 1.
480 4055 509 4112 p.
525 4038 662 4100 1742241
677 4041 775 4110 etseq.
845 4051 948 4094 ,cmsus
970 4041 1019 4090 cut
1041 4033 1087 4090 ubi
1106 4040 1201 4091 secute
1228 4033 1320 4092 tellus
1343 4049 1393 4089 nes

297 4114 311 4142 ²
332 4116 435 4176 unte
447 4113 611 4174 acto.Curn
625 4113 798 4172 Decumates
848 4113 897 4178 rit,
914 4131 997 4171 arcus
1013 4113 1153 4172 adrcnoe
1164 4131 1265 4189 utque,
1283 4123 1313 4171 et
1325 4113 1395 4189 ipsus

229 4259 234 4271 ,
260 4198 321 4274 agri
335 4198 365 4256 in
378 4196 572 4255 Romanorum
585 4194 669 4251 fidem
682 4192 796 4252 luissent
849 4195 924 4252 inter
934 4213 964 4251 ae
975 4191 1108 4263 mantes,
1121 4194 1238 4251 camari
1245 4201 1395 4269 porterum

259 4279 377 4358 recepti,
391 4287 462 4336 tunc
481 4275 558 4334 ultre
570 4274 703 4332 Rhenum
714 4283 797 4332 actus
846 4273 1000 4350 putentium
1021 4275 1110 4346 nodo,
1133 4281 1167 4334 ut
1190 4281 1306 4335 turnus
1324 4269 1397 4348 equi—

256 4367 302 4418 est
311 4359 392 4430 limes
400 4356 716 4435 impetii,proanotaque
726 4373 797 4430 prae-
848 4353 1122 4416 tumlrunrrnitrunt·
1169 4361 1172 4371 ’
1235 4370 1239 4379 ’

257 4439 352 4511 uldin
371 4453 403 4500 et
424 4439 486 4518 api
509 4437 683 4500 necemus
704 4434 796 4514 habin'
849 4462 857 4492 .·
1151 4451 1154 4458 ’
