2859 4950
33 356 101 417 Μ.
113 350 162 426 61.
256 352 366 413 LIBRI
387 349 540 413 baetin
560 352 679 413 SEXTI
701 352 942 417 ANNALIUM.
1117 356 1175 419 461

34 515 126 612 cujus
140 507 281 583 interest
299 508 429 583 scelera
449 504 630 600 infamare,
655 506 825 607 sapienter
840 512 1038 587 consultum
1053 530 1118 604 est,
1142 532 1182 589 ut

34 626 176 728 improbi
190 625 272 701 raro
290 623 312 698 i
327 624 565 724 superstitione
581 624 649 699 sint
664 624 790 700 intacti.
942 616 944 624 ⁴

75 872 133 935 54.
160 860 356 947 Ranroum
372 874 488 933 autem
509 860 626 949 urbes,
651 858 718 933 hic
741 856 834 933 fami
854 882 926 935 non
948 858 1113 954 defensae,
1135 867 1182 940 ad

32 976 209 1077 opprobria
220 992 383 1079 patuere:
409 997 455 1047 ne
470 973 585 1065 invitae
602 972 758 1072 quidem,
776 976 875 1075 qubd
891 993 926 1050 et
941 977 1041 1051 soliti
1052 978 1182 1055 Princi·

34 1118 112 1191 pum
146 1081 384 1180 adurit-'atione
408 1106 443 1163 et
483 1090 646 1187 praemiis,
670 1090 718 1163 ad
753 1091 958 1189 obsequium
995 1094 1183 1193 laudesque

32 1210 253 1284 traherentur.
306 1206 553 1305 Olympiorum
583 1207 693 1306 ergb¹
719 1226 753 1281 et
780 1206 987 1307 Pythiorum
1007 1210 1182 1310 judicibus

34 1324 66 1398 in
80 1350 155 1397 eam
165 1322 366 1397 servitutem
378 1323 562 1419 corruptis,
574 1347 696 1395 omnes
710 1324 867 1397 certatim
878 1323 915 1398 in
927 1326 1184 1401 uenerationem

35 1466 140 1531 ruere,
164 1438 385 1517 victoriarum
410 1438 568 1511 omnium
594 1439 710 1513 titulos
726 1439 889 1514 inunum
912 1459 947 1515 et
971 1441 1184 1517 immeritum

35 1573 128 1654 caput
143 1580 346 1655 congerere,
371 1554 525 1653 undique
536 1578 681 1629 coronas
693 1564 813 1630 aureas
829 1554 979 1647 adferre,
1004 1575 1051 1647 et,
1076 1582 1183 1656 quem

34 1671 113 1746 iufra
128 1672 286 1745 homines
297 1670 467 1761 viderent,
490 1672 610 1745 Deum
633 1674 817 1771 appellare.
869 1675 938 1749 Sed
959 1672 1184 1771 improsperae
1264 1702 1267 1709 ·

34 1787 240 1877 adulationis,
275 1785 388 1863 seritis
419 1790 533 1863 adhuc
563 1790 758 1887 expiandae,
795 1790 893 1864 brevi
924 1814 980 1863 eas
1008 1788 1183 1887 peenituit,

36 1905 209 2003 postquim
244 1904 427 1980 exlraustas
450 1905 617 2005 Principis
641 1933 725 2005 opes
751 1904 821 1980 suis
849 1906 1045 2005 civiumque
1073 1902 1183 1977 fortu-

35 2018 102 2094 uis²
122 2020 272 2119 reparari
292 2046 443 2111 sensere,
468 2046 594 2121 easque
617 2048 680 2121 per
700 2022 992 2096 nobilissimorum
1016 2045 1184 2119 quorum-

36 2162 96 2233 que
116 2131 229 2212 caedes
250 2137 331 2236 peti.
357 2140 434 2211 Nec
459 2137 586 2227 luctus,
607 2138 671 2211 nisi
693 2142 823 2237 majore
848 2139 961 2213 adhuc
983 2136 1182 2227 formidine,

36 2276 213 2351 reprensus,
239 2252 345 2327 exilio
361 2256 604 2327 damnatorum
629 2254 763 2330 liberis³
790 2254 964 2327 intentato.

81 2498 137 2561 55.
162 2489 287 2562 Hnuu
317 2486 441 2562 melior
470 2487 579 2562 Urbis
608 2485 774 2577 conditio,
811 2485 966 2584 quamvis
994 2484 1113 2559 Patres
1136 2487 1181 2558 ad

35 2599 175 2702 singulas
203 2603 364 2678 victorias
388 2607 472 2702 (nos
499 2603 592 2677 enim
623 2601 660 2675 in
690 2603 766 2676 haec
791 2604 979 2675 verborum
1003 2599 1182 2678 mendacia
1241 2683 1245 2696 ,

36 2737 155 2818 cogunt
174 2718 351 2816 tempora)
374 2721 491 2811 erecti,
515 2719 694 2795 continuas
716 2717 979 2818 supplicationes
1000 2719 1181 2808 haberent,

35 2827 70 2905 iis
99 2835 199 2908 etiam
235 2852 307 2908 tam
339 2835 526 2911 immodici
557 2834 663 2911 fastos
694 2851 889 2924 onerarent,
924 2851 963 2908 ut
991 2857 1035 2906 ne
1069 2825 1181 2906 armus

37 2945 190 3044 quidem⁴
224 2950 407 3026 sufficeret.
458 2955 571 3025 Immo
596 2953 635 3024 ut
663 2951 700 3024 in
724 2977 761 3024 se
783 2948 1015 3048 impensarum
1046 2965 1181 3045 partem

36 3063 210 3157 traherent,
247 3067 378 3142 absenti
398 3064 548 3166 Principi
575 3089 731 3142 annuum
756 3067 882 3140 centies
907 3067 993 3138 ΗΒς
1018 3064 1178 3138 decreve-

37 3195 114 3252 rant.
163 3182 289 3257 Helius
312 3199 429 3257 tamen
454 3183 630 3257 materiam
659 3181 861 3275 criminandi
885 3182 999 3254 adhuc
1024 3178 1179 3278 arripuit,

70 3499 84 3592 '¹
105 3503 293 3584 Olympiorum
305 3507 382 3586 crgb.
409 3511 576 3570 Philostrat.
670 3510 684 3538 ²
704 3511 1011 3590 Cicirmqttcforltmir.
1040 3505 1178 3578 Dio,loc.

45 3579 369 3664 VtteApotton.1v.ae.
415 3593 576 3658 Dio,libr.
630 3596 681 3653 cit.
1066 3589 1067 3594 ’

43 3675 129 3749 ¹1¹¹st
142 3687 171 3744 l‘·
184 3675 255 3736 72⁰·
285 3670 396 3728 Alienae
409 3684 504 3744 autem
518 3674 577 3749 gio-
670 3671 682 3706 ³
711 3673 918 3732 Domnettorune
953 3669 1058 3728 liberis.
1108 3667 1176 3738 Dio,

41 3757 82 3830 nae
94 3744 133 3804 ita
144 3749 267 3818 invidus,
275 3761 309 3808 ut
318 3771 352 3808 ne
365 3755 445 3830 cey'res
459 3755 577 3820 alteriue
631 3755 701 3814 ibid.

43 3819 233 3887 immemor
246 3831 385 3904 memorio,
398 3841 449 3890 ortt
462 3836 577 3913 vestigi-
606 3822 611 3837 ’
670 3834 753 3892 ‘Nc
766 3853 852 3893 onerer
867 3832 983 3911 periclem.
1017 3829 1084 3899 Diu,
1100 3827 1178 3887 Libe.

44 3918 90 3973 'me
114 3918 222 3968 etlam
245 3930 369 3987 utquam,
396 3913 522 3972 subverti
548 3924 576 3972 et
633 3921 858 3994 ax111.p.723.
901 3915 970 3970 ludo
984 3910 1109 3987 posteinie
1124 3910 1179 3966 Pa-

42 3997 103 4042 Wo
128 3990 213 4058 troii,
246 3991 384 4070 abjicique
403 3993 434 4052 in
454 3995 576 4054 lotrinot
630 3999 722 4055 tribus
735 3997 848 4063 delecti,
863 3995 912 4072 qui
929 3994 1028 4050 Festos
1040 3989 1179 4048 adnatio-

43 4066 149 4126 Μίνω
169 4079 318 4130 statueret
332 4075 466 4154 imagines
486 4076 575 4152 impo-
631 4099 664 4136 ne
679 4088 829 4155 temporum
841 4077 967 4154 „tiedone
986 4077 1179 4138 exonerarent,
1269 4071 1271 4076 ’

43 4147 144 4232 mrem,
180 4151 297 4212 Sueton.
323 4155 353 4212 in
380 4157 450 4213 Ner.
479 4173 574 4215 xxrv.
631 4161 725 4217 Tacit.
740 4159 812 4215 intra
827 4157 959 4212 Hister.
975 4157 1025 4209 40.

44 4220 104 4280 Aba
123 4228 233 4290 invidiae
249 4245 278 4292 et
295 4236 473 4294 crudelitatis
492 4255 577 4314 argu·
669 4235 681 4270 ⁵
703 4237 814 4296 Centies
838 4233 903 4295 IIS.
945 4233 1057 4291 Centies
1080 4239 1178 4288 sester-

44 4316 137 4392 mepte,
161 4313 286 4373 mesine
308 4317 377 4374 eum
396 4319 427 4376 in
449 4317 575 4376 isthmiis
631 4316 715 4388 tissm,
737 4337 786 4376 seu
814 4315 919 4373 centies
941 4323 1061 4371 centena
1087 4311 1177 4368 millia

46 4377 183 4475 Epilotam
211 4392 360 4460 interfecit.
397 4399 463 4456 vide
494 4399 574 4476 apud
630 4397 800 4468 sertertillm,
823 4397 911 4472 Aegl.
927 4393 1057 4466 83,333Ι.
1073 4389 1177 4451 dead.

45 4457 202 4542 lucianum,
222 4491 251 4554 p.
268 4483 354 4536 1145.
