2859 4950
563 291 799 353 GERMANIA.
1211 308 1249 361 23

89 475 158 528 nec
174 446 342 525 cohibere
356 444 540 545 parietibus
563 448 674 537 Deos,
695 472 810 548 neque
830 446 868 521 in
892 391 1000 521 ullam
1021 447 1248 527 humanioris
1327 468 1337 485 “

88 564 244 664 speciem
254 549 473 653 adsimulare,
485 590 532 639 ex
547 566 783 664 magnitudine
799 564 991 641 coelestium
1002 548 1246 641 arbitranturt¹

90 682 189 755 lucos
228 706 270 754 ac
313 685 481 754 nemora²
521 700 737 771 consecrant,
781 683 1010 779 Deorumque
1050 682 1247 758 nominibus

97 796 267 895 appellant
280 813 452 870 secretum
467 794 580 886 illud,³
597 798 693 895 quod
710 794 785 871 soli
801 795 992 871 reverentii
1008 796 1136 872 vident.

145 1040 203 1102 10.
231 1032 440 1119 Auserem,
466 1045 657 1128 sortesque,
687 1044 726 1102 ut
757 1028 817 1128 qui
842 1026 1009 1118 maximi,
1038 1029 1247 1103 observant.⁴

91 1136 250 1220 Soletum
277 1144 492 1218 consuetudo
517 1144 686 1242 simplex:
724 1144 898 1243 virgam,⁵
922 1142 1099 1243 frugilerae
1131 1143 1245 1219 arbori

92 1258 258 1349 decisam,
286 1260 324 1332 in
352 1261 510 1334 surculos
534 1275 725 1357 amputant,
752 1284 893 1358 eosque,
922 1259 1011 1332 notis
1039 1260 1245 1356 quibusdam

91 1374 274 1463 discretos,
299 1400 404 1473 super
430 1376 610 1450 candidam
623 1384 757 1450 restem
785 1374 915 1449 temeri:
933 1400 971 1449 ac
989 1373 1134 1451 fortuitb
1152 1401 1245 1474 spar-

92 1506 206 1588 gunt:
232 1515 331 1578 mox,
355 1490 385 1563 si
411 1486 548 1588 publici
574 1486 802 1582 consuletur,⁶
827 1491 986 1565 sacerdos
1011 1491 1164 1581 civitatis,
1192 1492 1245 1565 sin

95 1605 267 1701 privatim,
300 1607 373 1704 ipse
403 1607 667 1707 paterfamiliae,⁷
701 1626 861 1707 precatus
895 1609 1012 1696 Deos,
1045 1609 1244 1707 coelumque

138 1805 149 1831 ¹
169 1804 371 1867 Arbitrantur.
393 1809 559 1869 Postebnon
570 1812 644 1870 orbi·
699 1819 728 1867 et
741 1818 875 1870 sccretom
889 1810 954 1881 loci,
975 1816 1003 1866 et
1022 1806 1173 1866 admiratio
1187 1828 1245 1866 nm-

95 1887 162 1944 trati
192 1901 272 1958 sunt,
295 1889 457 1966 templaque
483 1903 511 1947 et
535 1904 644 1951 statuas
699 1893 764 1961 tre,
787 1894 816 1949 in
842 1900 939 1967 aperto
966 1898 1022 1947 tum
1046 1890 1136 1947 densoe
1160 1897 1244 1965 atque
1338 1903 1344 1927 ¹

93 1967 165 2023 Deis
193 1969 254 2025 suis
288 1988 413 2045 posuere.
465 1970 498 2028 ln
523 1992 642 2031 nummo
699 1972 946 2047 taurinensibus
959 1968 1011 2026 tibi
1023 1969 1244 2047 numinisfocit.

93 2048 238 2118 Postumi,
260 2068 345 2124 quem
368 2050 529 2126 publicarit
548 2053 643 2111 erudi·
699 2052 828 2109 Breviter
856 2049 973 2119 Plinius,
1001 2066 1062 2106 xrr.
1091 2058 1117 2105 1.
1152 2050 1242 2107 Lucos

93 2139 138 2185 tus
152 2091 351 2187 Sirmbndus
344 2148 372 2186 m
389 2143 447 2188 not
461 2132 496 2188 ad
513 2133 641 2210 Apollin.
697 2138 782 2208 atque
794 2132 824 2189 in
838 2130 998 2188 intuentia
1012 2130 1073 2205 ipra
1086 2128 1242 2187 adoramus.

92 2209 194 2265 Sidon
223 2226 298 2265 vm.
322 2218 368 2268 ll.
387 2212 492 2269 videre
510 2224 552 2269 est
573 2225 642 2272 tem·
737 2209 751 2243 ⁴
778 2211 944 2269 Observant.
967 2211 998 2268 ld
1015 2210 1141 2267 barbaris
1153 2210 1244 2267 omni·

92 2288 207 2363 pium,
199 2308 231 2345 ιιι
245 2290 330 2365 cujus
343 2292 482 2349 testibulo
496 2303 551 2350 stat
570 2294 642 2351 Her-

92 2369 182 2437 culeo,
217 2386 285 2426 cum
317 2370 469 2449 epigraphe
506 2373 640 2431 HERC.

95 2448 432 2510 DEVSONIENSI.
456 2452 487 2509 ld
501 2464 552 2524 est,
564 2452 641 2511 Her·

97 2531 146 2588 euti
155 2530 409 2608 Deutortiertri,qui
420 2533 641 2603 Deusene,trans

96 2609 240 2679 Rhenum,
262 2611 419 2669 colebatur.
461 2613 555 2671 lmmo
574 2621 642 2672 tenr-

89 2691 165 2767 plum
194 2653 332 2768 Tdnfortoe
356 2706 528 2751 memoratur
553 2713 641 2770 supra

92 2772 199 2829 Annal.
214 2789 237 2828 1.
251 2777 300 2829 51.
330 2772 403 2829 Vide
420 2773 576 2853 intracap.
589 2782 639 2834 44.

94 2852 123 2908 in
137 2862 198 2909 not.
212 2851 353 2928 templum
369 2852 518 2911 Suionum.

132 2927 146 2956 ²
160 2931 254 2990 Lucos
265 2951 299 2990 ac
310 2951 430 2991 ιιιιοια.
443 2933 557 3010 Sylvnm
569 2935 640 2992 Her-

96 3013 153 3070 culi
165 3031 277 3069 sacram
298 3012 419 3070 tidimus
433 3033 520 3090 supra
533 3017 639 3073 Annel.

97 3111 132 3149 11.
146 3099 193 3150 12.
209 3092 323 3150 Lucum
333 3091 523 3161 Baduhennae,
535 3096 638 3153 Annei.

98 3191 142 3231 rr.
162 3179 212 3237 73.
234 3191 335 3229 nemus
356 3193 480 3244 sacrum,
500 3175 638 3234 Hist.1v.

100 3259 145 3312 14.
169 3254 279 3330 Sylvss,
298 3253 433 3329 religione
456 3274 572 3325 vacuas,
592 3275 641 3312 vo·

96 3333 641 3411 luptatiqneredditnsgrntulaturClen·

97 3415 205 3487 dianus,
227 3417 263 3471 de
285 3413 420 3472 laudibus
441 3414 594 3489 Stiliconis,
616 3436 639 3475 1.

98 3500 164 3553 228.

99 3654 215 3705 Utpreeul
226 3655 468 3708 momumento
474 3658 567 3699 attentio
574 3661 639 3709 syroe

98 3713 179 3752 Venari
189 3715 240 3754 tute
249 3716 323 3762 liceat,
330 3717 434 3766 luemque
442 3717 527 3757 musta

96 3771 218 3821 Rettr'gr'one
225 3777 307 3820 truces,
315 3779 336 3813 et
343 3774 425 3813 robora
434 3777 536 3815 numerati
545 3776 621 3816 ime·

96 3831 224 3880 barbarici,
232 3834 410 3884 nottraeseriant
416 3834 509 3887 temptent
517 3845 608 3875 mres.

129 3965 311 4028 ’Secretom
329 3972 412 4029 illud.
444 3971 491 4028 De
510 3991 570 4049 quo
589 3974 637 4030 Se-

94 4070 171 4120 neca,
185 4051 244 4127 Ep.
258 4069 328 4110 xm
344 4051 379 4110 Si
392 4052 444 4107 titi
456 4055 580 4111 occurrit
591 4073 637 4113 oe·

93 4131 176 4188 testie
194 4133 349 4200 arboribus,
363 4141 392 4189 et
408 4132 519 4190 solitam
539 4134 637 4192 altitu·

94 4212 181 4268 dinem
201 4213 330 4289 egressis,
343 4212 483 4290 frequens
500 4214 589 4284 lucae,
607 4222 636 4272 et

93 4301 267 4367 conspectum
296 4293 356 4351 caeli
381 4293 519 4352 densitate
548 4314 638 4352 ramo-

94 4389 154 4428 rum
187 4374 307 4431 eliorum
330 4374 401 4431 otior
430 4377 636 4466 protegentium

95 4453 270 4522 sermonen,-
295 4454 348 4514 itto
364 4456 523 4532 proceritas
544 4457 638 4534 syloe,

384 4672 396 4704 Ο

697 2293 751 2349 bus
766 2292 920 2362 familiare;
941 2291 1056 2367 quibus,
1076 2289 1135 2365 qud
1150 2291 1244 2347 minor
1339 2368 1343 2373 ‚

696 2371 858 2447 prudentia,
871 2372 905 2429 ed
920 2374 1011 2445 major
1023 2369 1195 2445 superstitio.

736 2448 746 2482 ⁵
792 2452 916 2529 Virgom.
959 2452 1099 2526 Praesagus
1124 2468 1269 2526 quoque.

696 2530 786 2608 virgas
798 2534 876 2607 apud
892 2531 1012 2608 Scythas
1030 2543 1167 2594 memorat
1183 2531 1242 2587 Hc·

697 2612 823 2682 rodotus,
837 2628 881 2668 rv.
893 2608 941 2676 67.
956 2631 985 2687 p.
996 2617 1064 2669 242.
1078 2611 1155 2688 apud
1170 2611 1241 2669 Ala·
1255 2607 1259 2614 ’

695 2710 745 2749 nos
756 2692 926 2750 Ammianus
938 2691 1134 2760 Marcellinus,
1144 2709 1242 2749 xxxi.

697 2779 726 2831 2.
750 2773 958 2830 Germanorum
982 2771 1183 2829 divinationem
1207 2771 1242 2829 il-

696 2851 798 2910 lustrat
819 2853 1015 2929 Ruginnorum
1031 2871 1108 2922 usus,
1134 2852 1240 2928 dequo

696 2933 774 2990 Saxo
793 2933 1017 3001 Grammaticus,
1032 2932 1166 2990 Historiae
1181 2933 1241 2990 Dn-

696 3013 768 3071 nicae
790 3013 851 3070 Lib.
868 3015 936 3070 rlrv.
956 3031 986 3087 p.
1004 3018 1074 3071 288.
1106 3013 1239 3090 Rugiani,

696 3093 820 3152 Balthici
836 3093 920 3150 maris
931 3093 1048 3162 accolae,
1063 3093 1152 3150 tribus
1169 3094 1240 3172 ligni

691 3173 853 3248 particulis,
863 3165 947 3249 porte
957 3172 1050 3231 oitcrti
1060 3173 1140 3242 olbis,
1148 3173 1240 3233 alterd

695 3255 796 3330 nigris,
822 3254 851 3310 in
876 3254 1011 3330 gremium
1035 3253 1153 3310 sortium
1180 3255 1240 3314 loco

695 3334 837 3412 conjectis,
850 3333 976 3391 candidis
986 3333 1239 3410 prospero,snrvis

695 3416 814 3472 adverso
833 3414 992 3490 signabant.
1034 3413 1143 3470 Sortem
1157 3413 1239 3474 illam

694 3507 723 3554 et
743 3495 882 3562 surculos,
897 3511 968 3567 quos
991 3501 1067 3549 tenos
1088 3497 1238 3566 vocabant,

694 3583 830 3648 memorat
844 3573 890 3629 lex
905 3573 927 3629 F
929 3573 1075 3642 risionum,
1094 3573 1153 3632 Tit.
1167 3595 1237 3636 ιιιν.

694 3655 747 3730 leg.
765 3664 791 3712 1.
812 3652 881 3710 Alio
893 3653 1029 3713 adhucne
1041 3654 1238 3730 antiquissime

694 3733 781 3810 hujus
814 3733 995 3790 divinationis
1028 3733 1145 3809 vestigia
1174 3739 1238 3796 vide

693 3814 770 3892 apud
782 3814 970 3881 Ezechielem,
982 3831 1053 3870 xxi.
1063 3819 1097 3871 21
1106 3815 1240 3877 .etOsee.·

693 3900 802 3952 rv.13.

732 3968 745 4002 ⁶
767 3973 943 4032 consuletur.
965 3973 1081 4044 Melibs,
1093 3975 1119 4032 si
1128 3979 1236 4052 publici

693 4054 878 4126 consultatur,
888 4054 1039 4112 utrolebnt
1053 4056 1195 4116 Muretus

734 4129 747 4168 ²
770 4099 985 4214 Poterjitmilioe.
1015 4136 1117 4192 Etiam
1135 4149 1238 4198 matres

695 4215 818 4274 familias
827 4213 1116 4294 consultevrssepetet
1126 4237 1162 4276 ex
1171 4219 1236 4277 loco

694 4295 824 4369 Caeseris,
845 4295 917 4354 bell.
935 4294 1015 4355 Gall.
1036 4315 1059 4356 1.
1081 4303 1129 4358 50.
1149 4317 1238 4376 quern

694 4378 780 4437 attuli
794 4395 883 4456 supra
896 4395 960 4456 cup
953 4383 1002 4438 8.
