2859 4950
567 278 803 341 GERMANIA.
983 298 992 315 “
1220 290 1261 353 19

99 434 180 508 Nec
197 432 340 533 regibus
356 430 498 523 infinita,
513 450 572 506 aut
588 434 716 507 libera¹
734 450 904 531 potestas:
923 450 957 507 et
974 435 1080 509 duces
1092 438 1254 537 exemplo

99 549 221 647 potiris
237 549 347 647 quim
363 550 527 646 imperio:
554 548 740 645 si-promti‚
757 551 785 623 si
802 550 990 647 conspicui,
1008 551 1035 623 si
1052 570 1130 625 ante
1146 555 1254 629 aciem

99 684 217 764 agant,
252 665 476 737 admiratione
508 683 671 761 praesunt.
742 667 925 755 Ceterum,
958 692 1072 763 neque
1104 668 1253 743 animad-

104 799 251 870 vertere,
267 805 383 877 neque
398 779 538 869 vincire,
555 804 600 853 ne
616 782 798 853 verberare
820 780 973 879 quidem,
993 783 1056 855 nisi
1073 786 1255 859 sacerdotis

103 898 166 968 bus
190 898 448 992 permissum:²
471 920 543 967 non
571 895 667 993 quasi
692 894 729 967 iu
755 920 909 993 poenam,
935 923 999 972 nec
1027 899 1123 973 ducis
1141 902 1253 998 jussu,

99 1011 158 1083 sed
176 1013 275 1083 velut
291 1014 371 1085 Deo
387 1013 588 1107 imperante,
605 1037 710 1109 quem
727 1014 844 1085 adesse
861 1014 1065 1087 bellantibus
1081 1016 1249 1090 credunt:

96 1127 312 1227 effigiesque,
339 1146 372 1200 et
397 1130 494 1228 signa
519 1130 705 1226 quaedam,³
733 1130 884 1216 detracta
905 1130 1004 1219 lucis,
1031 1129 1066 1203 in
1091 1131 1251 1227 praelium

96 1240 228 1316 ferunt
294 1245 471 1342 Quodque
503 1246 718 1342 praecipuurn
750 1224 958 1318 fortitudinis
992 1245 1251 1320 incitamentum

97 1376 163 1447 est,
179 1383 254 1431 non
269 1384 381 1449 casus,
397 1384 460 1433 nec
477 1358 616 1434 fortuita
633 1361 851 1460 conglobatio
864 1378 1014 1433 turmam
1026 1378 1085 1434 aut
1098 1386 1250 1463 cpneum

96 1472 194 1563 facit,
204 1478 267 1548 sed
283 1474 421 1550 familiae
433 1494 468 1549 et
479 1478 772 1577 propinquitates}
788 1476 873 1549 etin
890 1476 1050 1573 proximo
1067 1477 1252 1575 pignora:4

97 1591 196 1661 unde
211 1588 431 1665 foerninarum
457 1595 607 1667 ululatus
633 1594 756 1683 audiri,
779 1592 1022 1691 unde'vagitus
1044 1590 1258 1667 infantiumz'

100 1703 138 1775 hi
166 1706 289 1803 cuique
318 1707 516 1782 sanctissimi
548 1727 663 1801 testes,
696 1710 733 1783 hi
762 1708 904 1783 maximi
933 1708 1137 1781 laudatores.
1187 1710 1248 1780 Ad

95 1836 237 1917 matres,
265 1824 309 1893 ad
339 1828 503 1924 conjuges
531 1823 677 1899 vulnera
701 1826 839 1899 ferunt:
866 1850 930 1898 nec
956 1823 1025 1897 illae
1051 1845 1248 1911 numerare,

92 1952 154 2007 aut
179 1935 321 2035 exigere
340 1940 480 2039 plagas⁵
505 1960 640 2038 pavent.
693 1942 870 2041 Cibosque
886 1958 920 2015 et
944 1936 1137 2035 hortamina
1161 1962 1248 2037 pug-

91 2051 255 2125 nantibus
269 2070 414 2152 gestant.
961 2042 968 2053 ¹

93 2388 180 2449 licata
194 2390 344 2466 colloquia,
363 2395 421 2463 sed,
442 2394 639 2455 taliscoucre-
695 2396 783 2455 Poena
806 2390 1001 2453 sacerdotibus
1026 2391 1186 2459 commissu,
1209 2402 1243 2449 ut

96 2473 237 2544 paulibus,
258 2492 317 2529 aum
343 2477 493 2549 quaesitum
528 2487 561 2535 ut
586 2477 639 2538 tali
695 2477 901 2552 imperantibus
914 2473 1009 2532 mimis
1028 2474 1099 2530 foret
1120 2473 1242 2544 invidiae,

91 2551 210 2624 sternito
223 2553 380 2612 concitatas
399 2557 535 2615 desiderio
549 2559 640 2617 virtu·
696 2557 881 2632 punientibus
895 2553 960 2630 plus
974 2551 1145 2610 reverentiae.

98 2631 130 2687 tis
155 2632 291 2709 ingenita
316 2653 407 2711 regem
429 2637 483 2694 tibi
507 2639 639 2697 martiam
735 2629 945 2714 ³Effigiesqae,
965 2642 993 2692 et
1011 2633 1092 2710 signa
1110 2633 1252 2709 quadam.'

97 2711 212 2770 Geticus
236 2715 298 2785 (seu
332 2713 487 2786 Gothicas)
520 2720 639 2795 populas
696 2713 1243 2793 Effigiessorarum,utviditnussupre

96 2789 242 2851 &veniret-
697 2797 771 2855 Hist.
793 2815 838 2854 lv.
860 2803 906 2855 22.
928 2813 999 2870 quas
1023 2794 1128 2867 insigne
1148 2792 1241 2870 religi·
1263 2833 1267 2842 ι

693 2879 756 2934 onis
770 2889 798 2935 ct
812 2877 931 2934 tutelam
951 2874 1104 2943 habebant,
1118 2883 1151 2930 ut
1166 2875 1243 2932 dice·

133 2949 473 3027 'Infinitmautlibern
494 2956 638 3016 Indeam-
696 2967 742 3014 tur
755 2958 829 3014 infra
847 2975 913 3032 cap.
926 2959 975 3012 45.
1017 2955 1102 3029 Signa
1116 2971 1242 3028 quoque,
1321 2981 1332 2998 =

94 3031 197 3102 biorix,
218 3034 398 3106 Eburonum,
418 3036 506 3110 gentis
519 3037 639 3096 Germa·
694 3036 825 3096 hostibus
835 3047 930 3113 capta,
946 3052 1021 3109 quae,
1035 3033 1064 3090 in
1079 3034 1162 3103 lucis,
1176 3034 1241 3094 Diis

93 3113 174 3182 aicae,
200 3133 260 3182 rex,
288 3115 475 3190 profitebatur
501 3137 553 3176 aaa
580 3139 637 3177 ease
695 3119 795 3192 patriis
806 3117 1060 3193 suspendebantur.
1089 3112 1166 3172 Vide
1181 3119 1241 3172 Au·

92 3193 227 3268 §asmodi
259 3193 384 3270 imperia,
411 3205 444 3252 ut
468 3217 521 3256 non
547 3199 637 3258 minis
694 3198 751 3254 nal.
771 3215 794 3254 1.
816 3202 864 3264 59.
905 3196 945 3252 Ut
970 3194 1118 3264 Germani,
1145 3193 1186 3251 sic
1212 3205 1242 3256 et

92 3271 206 3330 haberet
218 3274 247 3332 ia
259 3293 288 3331 se
292 3277 374 3351 jarria
386 3276 545 3346 multitudo,
556 3279 637 3355 qadm
693 3278 872 3336 Cunadenses
883 3274 984 3352 populi
997 3276 1072 3330 Deos
1082 3291 1155 3342 suos,
1168 3293 1240 3349 quur

91 3351 149 3428 ipre
168 3355 198 3410 ia
221 3355 434 3422 mttltitadinrm,
457 3355 517 3415 Jul.
531 3359 637 3429 Cesar,
692 3368 796 3416 vocant
809 3357 958 3416 dlaaitoas
978 3355 1008 3410 in
1021 3352 1130 3410 bellum
1146 3353 1239 3428 praeli·

93 3433 166 3491 Bell.
188 3433 268 3492 Gall.
286 3445 322 3493 'v.
343 3443 392 3501 27.
423 3437 454 3494 si
479 3438 637 3496 Germano·
694 3440 919 3511 umqueferunt.
961 3433 1037 3490 Vide
1053 3431 1087 3488 P.
1100 3433 1135 3490 de
1149 3433 1240 3492 chau

91 3533 156 3572 rum
178 3515 447 3592 Canadensiumque
471 3518 635 3596 principum
693 3517 802 3588 levoix,
827 3513 952 3576 Journal
978 3511 1145 3588 Historiqae
1171 3515 1239 3574 d'an

90 3605 256 3671 potestatem
271 3596 408 3666 conseras,
428 3599 555 3655 eamdem
574 3618 634 3656 om·
690 3617 797 3674 voyage
811 3597 843 3654 da
857 3594 1037 3670 l'Amlm'qae,
1053 3592 1168 3652 Lettres
1181 3611 1237 3656 κη

89 3677 157 3732 nino
170 3675 301 3751 reperies.
337 3677 412 3734 Vide
424 3679 458 3735 P.
471 3678 505 3735 de
516 3677 634 3736 Charle·
690 3691 720 3734 et
735 3695 789 3734 xv,
804 3697 832 3754 p.
847 3681 905 3736 223
920 3686 947 3733 et
961 3669 1031 3734 236.

90 3755 294 3824 voix,loc.cit.
305 3755 406 3814 Lettre
417 3755 632 3835 xv111.p.‘268.
729 3753 802 3814 *Ia
822 3757 949 3834 proximo
963 3753 1096 3833 pignora.
1137 3751 1239 3816 Talem

127 3832 142 3860 ²
163 3837 233 3894 Nisi
251 3837 441 3895 sacerdotibus
462 3841 632 3915 permissam.
690 3837 837 3896 exercitis
858 3837 986 3898 ordinem
1007 3833 1131 3893 vidimus
1150 3853 1238 3914 supra

90 3915 133 3973 lta
146 3929 179 3974 ut
200 3927 294 3974 tamen
309 3916 374 3974 vitae
394 3919 632 3997 necisquepotes·
691 3918 823 3976 Histra.
843 3911 900 3977 185
931 3915 1238 3992 ltaetapndBritam

90 4005 130 4054 tas
143 4007 269 4054 maneret
277 4011 365 4074 ‘penes
378 4000 583 4074 magistratum,
597 4003 633 4058 de
688 4000 781 4056 nosiu
794 3997 1046 4056 Annd.x1v.3a.
1076 3996 1151 4054 Vide
1167 4014 1238 4072 quo·

89 4097 144 4152 quo
156 4078 337 4143 Jul.Caesar‚
350 4078 424 4136 Ball.
435 4079 514 4136 Gall.
524 4099 570 4138 vr.
582 4085 632 4140 23.
688 4097 746 4154 que
762 4077 876 4137 Julium
897 4077 1047 4147 cesarem,
1067 4075 1236 4138 Baleari.

90 4157 155 4216 cam
167 4159 269 4217 belluna
280 4159 382 4217 civitas
395 4168 446 4217 aut
458 4159 569 4224 illatam
586 4163 632 4218 de·
689 4176 711 4216 1.
727 4165 775 4218 51.

79 4238 186 4316 studit,
199 4246 251 4296 nat
264 4239 363 4317 infert,
382 4240 566 4317 magistratus
585 4243 633 4318 qai
729 4236 740 4272 ⁵
762 4239 885 4318 Erigere
904 4237 1013 4316 plagas.
1041 4235 1079 4296 Et
1102 4245 1239 4336 expostu-

88 4319 200 4378 eibello
213 4319 345 4397 pruriat,
364 4329 397 4378 aa
420 4321 486 4381 aito
505 4321 632 4396 necitqae
689 4320 757 4392 lare,
775 4322 798 4378 si
820 4319 912 4396 ignaui
930 4319 1069 4394 illaesique
1089 4320 1236 4393 redissent,

88 4399 203 4461 labeant
235 4408 415 4478 potestatem,
460 4403 632 4482 deligantur.
689 4411 740 4463 aut
754 4401 887 4461 indecora
903 4399 1020 4464 vulnera
1033 4397 1236 4476 accepissent*
