2859 4950
244 951 1056 1102 SUPPLEMENTUM

461 1238 612 1374 ¹urum
634 1277 821 1349 Quium

373 1505 903 1612 ANNALIUM.

543 1849 747 1888 ’ΞΕ-ΞΕ

331 1963 521 2014 AUCTORE
549 1961 746 2015 GABRIELE
773 1961 962 2015 Bttomtt.

544 2093 747 2132 ====a

395 2331 442 2401 A.
461 2329 511 2404 U.
530 2331 573 2404 C.
602 2337 686 2408 782.
713 2329 744 2402 J.
764 2328 808 2401 C.
827 2334 886 2399 29.

115 2554 144 2617 l.
167 2512 393 2619 Rumno
426 2562 462 2619 et
493 2547 595 2619 Fufio
629 2544 856 2636 consulibus:
899 2568 1052 2643 quorum
1086 2542 1224 2645 utrique

75 2659 235 2735 Geminus
265 2682 539 2761 cognomentum
566 2680 651 2753 erat,
676 2662 766 2739 Julia
782 2666 944 2763 Augusta
961 2678 1111 2736 mortem
1126 2662 1225 2755 obiit,

73 2763 351 2868 etate'extremi‚
377 2780 560 2853 nobilitatis
576 2806 639 2877 per
656 2778 839 2853 Claudiam
865 2776 1044 2867 familiam,
1070 2795 1104 2851 et
1119 2778 1226 2879 adop·

74 2889 153 2964 tione
168 2893 354 2967 Liviorum
370 2895 612 2994 Juliorumque
629 2895 836 2969 clarissimae.
887 2894 1045 2969 Primum
1062 2894 1093 2968 ei
1109 2894 1226 2969 matri-

73 3009 217 3083 monium
246 3027 282 3083 et
309 3012 407 3085 hben'
439 3012 551 3104 fuere,
582 3040 665 3088 cum
690 3012 833 3086 Tiberio
859 3012 1016 3100 Nerone,
1043 3010 1103 3117 qui
1129 3010 1225 3085 bello

73 3122 227 3199 Perusino
247 3124 526 3227 profugus‚pace
543 3128 632 3203 inter
647 3132 731 3203 Sex.
758 3126 1014 3228 Pompeiumne
1025 3127 1225 3202 triumviros

75 3239 173 3333 paen,
198 3243 238 3314 in
264 3244 405 3316 Urbem
439 3244 549 3317 rediit.
600 3244 695 3319 Exin
725 3246 857 3335 Caesar,
891 3243 1052 3341 cupidine
1085 3242 1225 3338 formae,

26 3345 28 3438 l
73 3352 172 3430 aufert
198 3359 339 3449 marito,
363 3359 535 3433 incertum
548 3386 596 3446 ‚an
611 3361 766 3452 invitam,
790 3360 880 3435 adeo
907 3360 1090 3458 properus,
1115 3378 1154 3436 ut
1180 3386 1226 3437 ne

26 3443 28 3558 l
74 3472 168 3565 spatio
195 3476 340 3573 quidem
356 3479 400 3550 ad
417 3477 618 3553 enitendum
644 3482 739 3570 datu,
764 3476 944 3577 penatibus
960 3477 1030 3551 suis
1045 3478 1224 3578 gravidam

74 3582 248 3663 induxerit.
298 3594 445 3666 Nullam
461 3594 606 3693 posthitc
623 3596 784 3696 subolem
810 3592 927 3679 edidit.
977 3594 1048 3669 Sed
1065 3590 1223 3695 sanguini

75 3705 213 3805 Augusti
226 3711 581 3808 perconjunctionem
591 3712 797 3813 Agrippinae
810 3726 844 3784 et
858 3708 1059 3785 Gennurici
1075 3712 1223 3802 adnexa,

76 3814 265 3896 communes
281 3844 489 3924 pronepotes
506 3827 647 3901 habuit:
674 3828 850 3902 sanctitate
866 3827 996 3901 dumbs
1012 3825 1164 3925 priscum
1176 3826 1222 3900 ad

76 3956 210 4029 morem,
221 3940 330 4012 comis
347 3942 438 4015 ultra
454 3944 562 4041 quim
578 3942 726 4043 antiquis
739 3942 891 4019 foeminis
903 3946 1101 4040 probatum,
1111 3960 1222 4016 mater

77 4045 244 4149 impotens,
271 4079 364 4131 uxor
390 4056 512 4149 facilis,
538 4078 676 4135 etcum
698 4062 829 4138 artibus
854 4059 979 4150 mariti,
1003 4057 1221 4133 simulatione

110 4282 264 4348 ‘Rubellio
293 4300 321 4350 et
348 4292 430 4369 Paulo
454 4312 525 4353 coss.
565 4294 614 4352 Ad
670 4297 712 4353 Ea
733 4315 786 4357 suo
812 4294 878 4352 loco
905 4294 980 4352 notis
1003 4290 1220 4367 illustravimus,

79 4366 200 4439 majorem
223 4373 348 4431 historiae
371 4374 467 4432 lucem
486 4375 615 4452 quinque
669 4396 742 4453 quas
761 4379 868 4436 iterum
880 4374 963 4433 edere
974 4391 1220 4452 supervacaneum

82 4444 163 4532 pfiora
186 4454 220 4508 C.
242 4454 369 4513 Cornelii
393 4456 491 4514 Taciti
521 4456 619 4532 cupita
671 4458 753 4532 soret,
774 4469 803 4515 et
816 4457 972 4533 ingratum

81 4521 121 4583 hle
134 4534 341 4609 representtsse
355 4536 494 4595 bauderit
505 4536 619 4596 inutile.
