2859 4950
243 257 298 312 toa
613 251 648 309 C.
669 249 868 311 CORNELII
888 250 1025 311 TAClTl

239 413 343 487 simos
360 406 590 497 auxiliarium,
607 406 733 504 quibus
754 425 837 479 nota
853 406 952 495 vada,
973 424 1008 481 et
1028 406 1156 504 patrius
1171 406 1270 491 nandi
1285 434 1365 497 usus,

239 554 311 627 quo
337 526 438 600 simul
464 550 583 622 seque,
607 541 642 597 et
667 548 776 611 arma,
801 538 836 594 et
860 549 968 619 equos
995 528 1144 621 regunt,'
1172 524 1218 595 ita
1242 525 1365 619 repenti

238 642 390 731 immisit,
408 658 446 713 ut
462 636 686 735 obstupefacti
712 638 840 724 hosteS,
857 638 916 733 qui
933 640 1103 730 classem,²
1119 640 1179 736 qui
1194 664 1303 727 naves,
1318 641 1365 735 qui

239 782 333 833 mare
360 756 599 853 expectabant,
623 754 707 825 nihil
735 754 883 825 arduum
909 772 968 825 aut
990 755 1153 828 invictum
1179 756 1366 827 credideriut

238 876 285 949 sic
302 876 346 947 ad
361 874 493 945 bellurn
511 872 734 943 venientibus.
774 872 822 941 Ita
839 867 943 965 petiti
960 896 1055 966 pace,
1073 896 1111 944 ac
1129 870 1243 945 dediti
1258 870 1366 957 insuli,

237 993 350 1064 clarus
374 1012 578 1085 ac-magnus
603 985 721 1057 haberi
737 984 924 1079 Agricola:
952 986 1080 1083 quippe
1103 987 1160 1059 cui
1181 985 1365 1086 ingredienti

235 1104 461 1203 provinciam,
478 1103 572 1200 quod
596 1117 732 1197 tempus
757 1100 810 1170 alii
836 1126 898 1195 per
914 1102 1188 1191 ostentationem,
1205 1120 1263 1175 aut
1278 1103 1366 1173 offici·

236 1247 338 1296 orum
356 1218 543 1293 ambitum¹
571 1216 775 1311 transigunt,
800 1215 898 1287 labor
914 1235 948 1287 et
972 1216 1165 1313 periculum
1189 1218 1365 1313 placuisset.

235 1342 312 1413 Nec
330 1334 509 1432 Agricola,
529 1331 751 1429 prosperitate
768 1354 885 1401 rerum
908 1331 943 1403 in
960 1332 1142 1405 vanitatem
1167 1360 1262 1423 usus,
1279 1360 1366 1429 expe·

234 1455 399 1527 ditionem
432 1468 491 1523 aut
519 1448 693 1521 victoriam
728 1449 884 1534 vocabat,
915 1448 1022 1519 victos
1049 1449 1303 1523 continuisse:⁴
1331 1473 1366 1519 ne

235 1567 392 1659 laureatis
421 1566 561 1663 quidem
590 1580 685 1665 gesta
714 1582 916 1658 prosecutus
940 1580 1013 1636 est:
1039 1565 1100 1635 sed
1126 1563 1200 1660 ipsit
1226 1566 1366 1637 dissimu-

234 1685 358 1756 latione
375 1680 477 1753 lamae
499 1677 629 1750 famam
653 1677 763 1766 auxit,
779 1677 1022 1753 aestimantibus
1038 1679 1167 1776 quanti
1189 1678 1297 1754 futuri
1317 1706 1367 1777 spe

232 1816 304 1872 tam
321 1821 446 1895 magna
461 1794 629 1869 tacuisset.

287 2038 342 2102 19.
370 2008 570 2103 Caranum
593 2026 789 2099 animmum
815 2026 999 2124 provinciae
1026 2028 1192 2123 prudens,
1208 2025 1367 2126 simulque

232 2149 355 2219 doctus
383 2170 446 2241 per
478 2142 587 2217 aliena
614 2142 862 2239 experimenta,
895 2144 1022 2240 partim
1052 2145 1175 2241 profici
1202 2144 1316 2233 armb,
1344 2142 1367 2216 si

230 2261 363 2358 iniuriae
397 2278 635 2357 sequerentur,
669 2284 787 2333 causas
815 2259 989 2331 bellorum
1020 2260 1136 2333 statuit
1163 2263 1365 2335 exscindere.

229 2382 267 2450 A
283 2402 319 2449 se
336 2375 474 2474 suisque
489 2400 602 2465 orsus,
618 2371 766 2471 primam
789 2376 934 2448 domum
958 2399 1057 2447 suam
1079 2378 1254 2467 coercuir;
1283 2376 1366 2475 quod

227 2493 400 2592 plerisque
416 2491 509 2565 haud
526 2490 643 2564 minus
659 2492 808 2564 arduum
821 2507 884 2580 est,
901 2490 1008 2588 quim
1020 2493 1232 2588 provinciam
1245 2519 1366 2592 regere.

227 2608 324 2680 Nihil
358 2631 421 2705 per
451 2606 591 2678 libertos
623 2632 810 2703 servosque
843 2606 991 2703 publicae
1023 2607 1119 2681 rei:⁵
1152 2633 1225 2680 non
1257 2607 1366 2683 studiis

226 2721 378 2819 privatis,
401 2745 466 2794 nec
483 2748 528 2794 ex
545 2723 855 2809 commendatione,
877 2740 935 2794 aut
955 2722 1115 2818 precibus
1133 2725 1366 2796 centurionum

228 2833 351 2927 milites
363 2832 521 2926 adscirc,⁶
532 2835 594 2910 sed
611 2835 781 2934 optimum
798 2862 972 2948 quemque
985 2835 1221 2915 fidelissimum
1235 2857 1362 2938 putare:

268 3115 278 3144 ¹
301 3120 342 3177 Et
363 3139 445 3198 equos
464 3129 574 3198 regunt.
598 3121 680 3180 Unde
696 3123 773 3181 vide·
819 3123 958 3182 Suetonio
972 3121 1108 3187 Paullino
1121 3123 1305 3193 continuisse,
1321 3143 1364 3180 ex-

225 3209 275 3259 tur
305 3200 471 3260 lectissimos
496 3201 560 3259 illos
581 3203 769 3262 auxiliarium
819 3203 990 3281 peditionem
1006 3214 1059 3261 aut
1078 3204 1228 3262 victoriam
1250 3225 1305 3262 non
1319 3224 1361 3260 eu·

162 3293 164 3300 “
225 3281 310 3338 fuisse
335 3283 473 3353 Basanon
494 3302 618 3359 quorum
638 3284 703 3342 talis
725 3305 773 3361 pe
819 3288 919 3344 cabat:
941 3304 976 3342 ue
993 3285 1127 3342 laureatis
1147 3285 1264 3359 quidem
1281 3283 1361 3341 literis

225 3362 292 3420 ritia
302 3363 420 3422 laudata
429 3376 471 3422 est
480 3383 568 3442 supra
580 3365 653 3424 llist.
666 3384 710 3424 ru.
724 3372 771 3422 12.
817 3378 895 3440 gesta
907 3384 959 3422 sua
972 3375 1140 3440 prosecutus
1152 3373 1203 3422 eut.
1247 3365 1291 3422 De
1305 3365 1360 3420 latt-

264 3437 278 3466 ²
300 3441 357 3507 Qui
370 3445 491 3506 classem.
519 3447 579 3516 Qui
596 3446 713 3504 Monam
730 3447 772 3502 in·
819 3447 901 3503 neatis
928 3445 1016 3509 literis
1043 3445 1108 3502 vide
1135 3443 1240 3521 Suppl.
1262 3442 1358 3502 Auitul.

223 3521 315 3581 sulum
327 3524 772 3602 habitabaut‚opinabanturllo·
821 3545 893 3584 eut.
909 3521 959 3585 26.

224 3619 322 3662 manos
354 3605 451 3676 classe,
484 3606 612 3678 navibus,
643 3608 770 3665 secundo
859 3605 869 3638 ⁵
896 3606 1019 3664 Putttcae
1043 3604 1096 3666 eei.
1131 3603 1214 3662 Nihil
1241 3605 1358 3681 publiea

224 3685 308 3742 maris
320 3696 519 3754 aestuusuros3
540 3685 658 3762 haecque
670 3688 692 3750 si
704 3688 771 3744 deli-
819 3687 855 3742 tei
879 3689 981 3762 agebat
1002 3705 1052 3766 per
1072 3686 1188 3744 libertos
1207 3704 1359 3760 servosque,

224 3773 331 3830 carent,
344 3765 463 3822 nriubub
477 3775 619 3824 venturos.
817 3767 937 3842 pessimo
951 3765 1008 3826 blec
1023 3767 1051 3826 in
1068 3786 1097 3824 re
1111 3764 1263 3842 praesidum
1287 3767 1359 3824 Prin·

261 3837 275 3882 ³
304 3845 462 3915 officiorum
485 3846 624 3906 ambitum.
658 3847 770 3922 Legatis
818 3848 979 3922 cipumque
990 3848 1134 3923 exemplo.

221 3923 297 3982 enim
332 3925 510 3999 provinciam
547 3925 769 4002 ingredientibus
856 3921 872 3954 ⁰
893 3925 1005 3984 Milites
1031 3927 1149 3984 adscire.
1178 3925 1358 4002 singulariter

221 4003 339 4082 publicb
350 4005 541 4083 privatimque
552 4009 767 4077 occurrebatur,
817 4007 940 4078 dictum,
952 4007 974 4065 si
995 4007 1115 4078 adscire,
1135 4025 1188 4083 pro
1201 4007 1303 4064 milites
1323 4006 1356 4060 le

220 4085 496 4146 commendabantur
516 4086 656 4156 civitates,
682 4087 769 4146 xenia
815 4105 880 4162 gere
889 4099 942 4150 aut
953 4088 1113 4164 provehere,
1124 4100 1285 4166 usurpetur.
1306 4083 1355 4142 Sed

219 4165 442 4224 missitabantur.
483 4165 556 4223 Vide
579 4167 766 4243 Digestbib.
816 4167 883 4226 culm
903 4169 976 4231 nihil
994 4167 1119 4245 publicat
1132 4168 1171 4225 rei
1185 4187 1235 4243 per
1247 4167 1356 4223 libertos

177 4290 179 4297 .
219 4263 243 4304 1.
269 4245 329 4303 Tit.
349 4241 395 4306 16.
421 4247 454 4304 de
477 4245 572 4316 Officio
591 4248 767 4324 proconsulis
815 4259 843 4305 et
855 4267 1019 4306 servossuos
1030 4260 1124 4324 ageret
1135 4247 1279 4324 Agricola,
1292 4259 1357 4303 stra·

218 4327 358 4406 allegati.
399 4325 465 4403 Leg.
479 4333 508 4384 4.
524 4323 544 4384 6
559 4341 588 4385 et
601 4335 629 4394 7.
815 4341 887 4388 tores
907 4329 1065 4386 aliorumve
1085 4328 1245 4386 officiorum
1265 4325 1353 4384 mirus·

257 4404 272 4440 ⁴
294 4407 391 4468 Victor
417 4406 594 4469 continuisse.
615 4405 718 4468 Victos
746 4407 765 4467 b
814 4421 870 4470 uos
889 4409 943 4468 sibi
966 4409 1089 4469 adscivit
1111 4409 1216 4472 milites
1236 4408 1353 4486 optimos
