2859 4950
599 287 635 346 C.
654 280 853 346 CORNELII
873 279 1010 344 TACl'l'I

231 287 287 344 15⁸

226 458 261 513 et
293 438 398 529 curis,
430 456 465 513 et
497 442 693 513 necessitate
726 442 878 538 quotidie
910 440 1037 538 aliquid
1066 454 1185 511 contra
1220 432 1389 508 animum

226 552 385 645 faciendi,
400 556 438 627 in
455 555 513 628 illa
528 582 624 629 saera
647 548 794 655 illosque
809 556 943 631 fontes¹
970 554 1106 627 ferant:
1133 577 1197 625 nec
1217 551 1389 645 insanum

228 672 319 743 ultra
345 688 380 741 et
414 672 586 743 lubricum
610 672 742 760 forum,
766 670 964 770 famamque
992 670 1189 767 pallentem,
1212 659 1391 762 ¹trepidus

227 785 406 882 experiar:
428 810 520 856 -non
552 812 609 857 me
644 786 800 859 fremitus
840 786 1072 873 salutantium,
1103 809 1167 858 nec
1212 783 1391 857 anhelans

225 900 368 973 libertus
400 900 546 971 excitet:
589 926 653 1003 nec
686 902 836 973 incertus
868 900 989 990 futuri,
1026 920 1279 975 testamentum
1324 926 1391 997 pro

225 1014 393 1112 pignore²
414 1013 583 1089 scribam:
609 1042 673 1089 nec
700 1018 779 1112 plus
795 1018 953 1107 habeam,
979 1018 1086 1119 quam
1108 1020 1204 1115 quod
1238 1016 1391 1112 possim,

226 1128 284 1201 cui
300 1128 428 1217 velim,³
452 1129 658 1227 relinquere,
681 1132 973 1229 quanddcumque
998 1130 1107 1205 fatalis
1129 1150 1163 1205 et
1188 1156 1298 1203 meus
1318 1132 1390 1203 dies

226 1242 360 1315 reniet:
378 1260 574 1341 statuarque
589 1247 725 1317 tumulo
743 1271 813 1318 non
830 1266 974 1321 moestus
990 1264 1024 1320 et
1040 1252 1168 1335 atrox,⁴
1182 1247 1252 1319 sed
1271 1246 1392 1317 hilaris

219 1375 262 1429 et
283 1364 513 1429 coronatus:5
538 1377 572 1431 et
598 1387 663 1455 pro
687 1364 854 1435 memorii
881 1364 961 1453 mei,
988 1389 1051 1437 nec
1080 1356 1268 1437 consulat⁶
1298 1362 1390 1458 quis·

227 1497 333 1569 quam
347 1497 413 1545 nec
429 1491 540 1573 roget.

270 1828 281 1855 ¹
304 1831 427 1921 illosque
435 1830 546 1911 sortes.
568 1832 617 1892 Sic
635 1843 665 1891 et
685 1834 780 1913 virgi·
832 1838 953 1913 perisset,
969 1848 996 1897 et
1012 1840 1074 1915 ejus
1095 1839 1216 1914 parenti,
1230 1846 1301 1916 post
1316 1858 1388 1897 mor·

232 1911 445 1987 liuS,Georg1c.
460 1930 496 1969 ιι.
510 1918 580 1971 485.

230 2044 299 2086 Rura
307 2042 367 2082 mrrr
375 2047 396 2083 et
406 2045 469 2094 rtgut
475 2045 584 2094 pluerant
593 2045 618 2085 in
627 2046 724 2085 ratribus
734 2058 778 2085 una

279 2112 317 2141 „a
327 2114 333 2124 .

230 2228 356 2326 &332
364 2282 386 2317 et
392 2278 517 2327 uirginibus
525 2278 634 2319 bacchata
644 2281 745 2321 Lucanis

833 1930 888 1973 teni
916 1918 1126 1995 imponebatur.
1169 1922 1243 1976 lnde
1273 1922 1387 1988 Cicero,

832 2000 866 2053 do
882 1998 1012 2073 Legibus,
1028 2018 1064 2055 11.
1079 2007 1127 2057 ¹24.
1150 1999 1286 2077 Illajarn
1300 2001 1388 2078 signi-

322 2130 331 2147 ,
821 2078 926 2148 ficatio
952 2088 1003 2148 est,
1038 2080 1128 2137 lundis
1153 2090 1327 2137 orrrmnerrto
1354 2082 1390 2137 ud

230 2159 338 2201 mantua
347 2163 544 2212 amemsyrrasquc
554 2163 674 2211 nigrorem.
702 2165 727 2211 0.
741 2164 778 2202 ubi
833 2167 955 2216 mortuos
964 2161 1116 2236 pertinere,
1130 2180 1266 2219 coronam
1281 2162 1387 2218 virtute

830 2246 953 2312 portum,
966 2250 993 2295 et
1007 2240 1032 2297 er'
1046 2240 1092 2315 qui
1103 2242 1274 2317 peperisset,
1288 2250 1317 2297 et
1331 2244 1387 2317 qus

233 2336 779 2386 ramera.-r.qurmguranrnvauronsrramr
830 2319 944 2392 parenti
963 2320 1143 2397 sineflt'rmrde
1155 2342 1214 2379 esse
1237 2322 1285 2379 lea
1306 2324 1387 2396 impu·

232 2394 309 2441 &istan
316 2398 337 2435 et
347 2395 434 2445 ingenti
444 2407 563 2435 rumorum
568 2402 675 2446 protegat
684 2398 774 2437 umero.

271 2497 289 2527 ²
307 2504 368 2562 Pro
382 2505 511 2582 pignore.
533 2505 590 2562 Pro
608 2506 723 2582 pignore
738 2527 779 2564 se-

232 2585 382 2652 curitatis3
405 2599 437 2642 ut
457 2585 578 2642 scn'bere
596 2590 779 2662 cogebantur,

233 2665 285 2740 qui
299 2663 488 2722 delationibus
502 2665 633 2740 foedaique
646 2667 782 2743 eloquen-

236 2744 276 2800 ria
289 2744 436 2801 immensas
449 2763 516 2820 opes
528 2761 705 2819 paraverant.
731 2747 780 2804 Sic

235 2837 263 2880 et
283 2823 342 2900 ipsc
357 2825 501 2896 Agricola,
518 2825 561 2880 vir
573 2827 709 2899 optimus,
732 2827 779 2882 sed

235 2904 291 2960 sub
313 2904 479 2960 Domitiano
501 2905 619 2980 pessimo
639 2907 781 2983 Principe,

237 2995 436 3040 testamentum
459 3004 512 3060 pro
529 2987 646 3060 pignore
659 2987 781 3062 scripsit,

236 3074 272 3120 ut
283 3064 406 3120 vidimus
416 3082 504 3139 supra
516 3067 546 3121 in
559 3065 617 3122 rita
629 3067 782 3141 Agricolae,

239 3161 304 3219 cap.
318 3150 367 3201 43.

278 3221 291 3253 ³
313 3223 367 3283 Cui
389 3225 480 3282 eelim.
503 3225 612 3282 Contra
632 3226 698 3282 reid
722 3247 784 3284 ora-

237 3315 322 3374 torcs‚
354 3317 388 3361 ut
414 3323 502 3381 opum
528 3325 656 3373 suarum,
684 3309 782 3384 iniqui:

237 3397 480 3462 coniparatarurn,
493 3397 601 3461 partem
618 3386 725 3458 liberis,
739 3389 785 3444 iis·

239 3485 296 3540 quc
322 3467 428 3539 quibus
449 3466 561 3534 vellent,
582 3465 784 3544 relinquerent,

230 3545 413 3620 -Principem,
439 3546 638 3622 Principisque
669 3547 784 3606 libertos

239 3625 365 3693 heredes,
375 3627 498 3682 scribere
511 3629 688 3684 tenebuntur.

279 3701 296 3735 ⁴
315 3705 383 3762 Non
403 3713 513 3762 ructatus
533 3716 560 3762 et
580 3715 672 3763 atron.
694 3708 781 3776 Quod

240 3803 314 3861 saepe
336 3786 518 3859 contingebat
544 3788 712 3858 oratoribus,
734 3788 784 3864 qui

241 3877 271 3922 et
288 3865 341 3922 sub
355 3863 448 3933 malis,
461 3879 488 3920 et
509 3868 562 3921 snb
577 3867 658 3923 bonis
677 3870 786 3925 Princi-

240 3945 336 4021 pibus,
348 3961 562 4021 nonnumquam
584 3947 788 4021 puniebantur.

281 4020 293 4056 ⁵
315 4021 482 4082 Coronatus.
504 4025 549 4081 Ex
570 4045 623 4083 usu
637 4029 715 4104 apud
732 4029 788 4085 llo·

242 4123 342 4162 manos
354 4106 560 4184 antiquissimo,
572 4126 656 4182 quem
665 4108 710 4164 lex
727 4109 788 4184 ipsa

244 4185 398 4243 duodecim
424 4185 588 4244 tabularum
621 4189 788 4252 sanciverat.

244 4283 350 4324 corona
361 4267 466 4326 virtute
484 4277 567 4344 partu
580 4275 608 4325 et
629 4269 655 4327 ei
670 4269 719 4347 qui
741 4289 790 4347 pe·

834 2398 914 2455 situm
919 2402 1014 2474 jubet.
1037 2402 1204 2476 liapressilis
1217 2414 1319 2459 autem
1336 2402 1386 2457 l'li-

834 2479 907 2549 nius‚
923 2499 989 2538 xri.
1004 2488 1032 2539 3.
1056 2481 1167 2557 Semper
1183 2491 1282 2540 tarnen
1296 2492 1386 2541 orich-

833 2559 905 2616 ritus
918 2579 1098 2632 coronarum,
1111 2564 1156 2620 rel
1165 2564 1281 2623 ludicro
1293 2564 1385 2640 quesi-

836 2649 936 2709 turum,
940 2640 1015 2718 sirit.
1038 2643 1166 2718 Namque
1178 2645 1217 2700 orl
1232 2643 1385 2702 certamino

836 2720 862 2774 iri
878 2721 988 2778 Circum
1000 2744 1051 2798 pei·
1066 2723 1145 2781 ludus
1165 2733 1192 2780 et
1207 2725 1266 2800 ipsi
1278 2725 1384 2781 descen·

835 2799 946 2868 detaut,
961 2811 988 2858 rt
1001 2821 1094 2860 seruos
1107 2823 1170 2860 snos
1181 2806 1287 2880 quique
1298 2805 1384 2860 nrittr·

836 2879 911 2936 lant.
934 2881 1068 2939 luditilla
1084 2902 1133 2940 xri
1149 2885 1311 2942 tabularum
1326 2886 1382 2942 lex:

838 2957 895 3022 Qui
907 2981 1033 3018 coronam
1052 2964 1129 3037 parit
1148 2965 1216 3040 ipse,
1234 2965 1382 3040 pecuniose

838 3041 907 3114 ejus,
923 3043 1037 3098 virtutis
1050 3042 1115 3118 ergo
1129 3044 1226 3101 duitor
1242 3046 1268 3100 ei
1281 3045 1321 3118 (id
1336 3059 1381 3110 est,

838 3121 921 3176 dator
936 3123 969 3190 ei,
984 3121 1025 3177 vel
1040 3124 1065 3178 ei
1080 3125 1183 3193 detur).
1207 3126 1300 3192 Quum
1313 3125 1382 3182 seiri

839 3202 933 3275 equire
946 3203 1118 3272 ineruineur,
1136 3205 1258 3280 prcnrriti
1273 3213 1381 3281 parturn

839 3279 898 3355 lege
925 3283 989 3350 dici,
1016 3302 1092 3339 neruo
1121 3286 1271 3342 dirlritueit.
1315 3285 1379 3349 dits

840 3361 905 3436 ergit
920 3362 1026 3418 horrus?
1046 3371 1078 3420 ut
1090 3364 1142 3439 ipsi
1153 3374 1274 3437 inertem,
1284 3385 1380 3442 puren-

839 3441 964 3515 titnrsan
987 3445 1056 3518 ejus,
1083 3445 1145 3500 duim
1177 3446 1255 3502 intus
1278 3446 1379 3522 positus

840 3530 919 3591 esset,
928 3520 1042 3598 forisve
1052 3523 1197 3601 serretur,
1211 3525 1377 3603 einesforde

839 3610 908 3656 esset
922 3603 1058 3676 imposito.
1100 3605 1182 3663 Alitis
1203 3606 1232 3663 in
1251 3627 1302 3664 usu
1319 3623 1379 3682 pro

840 3680 940 3738 miscuo
955 3701 988 3738 ne
1001 3683 1115 3741 ludicre
1127 3686 1234 3760 quidem
1249 3693 1338 3742 erunt.

869 3755 893 3798 ·⁶
916 3761 1125 3823 Necronsulut.
1148 3765 1221 3822 Cum
1246 3767 1307 3842 ipsa
1322 3783 1377 3821 reo-

841 3859 904 3896 rum
932 3844 1068 3898 memoria
1094 3863 1167 3920 saepo
1194 3847 1374 3912 damnaretur,

841 3921 1373 4002 tituli,imagines,ceteraquelionorum

842 4017 1026 4059 monumenta
1047 4005 1237 4078 abolerentur,
1257 4004 1375 4063 consule·

843 4079 947 4140 bantur
960 4095 1046 4153 rates,
1069 4087 1182 4161 utquid
1197 4096 1266 4145 esset
1285 4087 1373 4142 tinien-

843 4160 912 4219 dum
933 4163 1095 4222 audiretur:
1117 4170 1287 4243 rogabantur
1303 4163 1373 4224 Prin·

843 4242 928 4318 cipes,
938 4261 973 4302 ne
982 4245 1095 4304 tuntdm
1108 4248 1244 4308 sevirent.
