2859 4950
63 318 90 380 J.
100 317 135 377 e.
147 320 200 377 41.
366 309 478 373 tium
499 308 655 371 oanvl
675 298 918 372 ANNALIUM.
1155 320 1215 375 sus

63 470 194 559 mentis,
220 490 301 566 quae
328 464 366 539 in
397 464 479 540 vitia
504 464 679 555 desinunt,
706 465 864 563 primdm
897 464 1025 541 inlusit.
1090 466 1217 545 Postei

62 572 182 685 ingenii
194 583 372 682 pravitate,
385 581 626 656 dominationis
638 581 793 673 libidine,
805 582 1032 657 immoderata
1047 584 1163 660 omnia
1180 602 1216 659 et
1239 623 1243 631 ¹

61 700 204 775 inaudita
214 702 386 796 cupere2'
413 698 457 772 ad
467 696 618 771 nefanda
629 696 856 772 insolescere:
884 689 1215 790 successuinlectuS,
1288 721 1289 733 ¹

40 821 172 919 ,pejora
193 840 371 914 quaerere;
397 830 432 887 et
443 812 541 887 brevi
563 811 756 910 principatu
784 813 867 911 quid
900 839 1036 888 summa
1058 817 1161 889 vitia²
1178 816 1215 890 in

63 930 193 1008 surmni
208 929 352 1004 fortune
368 930 499 1028 possint
515 931 708 1003 ostendere.
752 930 884 1003 Literas
900 929 1027 1003 invidie
1041 932 1214 1029 eorrupit:

62 1066 144 1123 artes
157 1046 480 1148 luxuladulteravitt
507 1070 623 1120 moros
639 1046 808 1143 exemplis
825 1028 1023 1143 prostravit:
1052 1045 1225 1126 libertatis

64 1166 216 1264 reliquias
243 1162 386 1237 audacii
403 1160 604 1236 funestavit:
630 1160 816 1260 imperium
833 1162 988 1251 stultitii,
1004 1162 1214 1237 immanitate

65 1280 168 1355 ferme
193 1279 365 1355 evertitz³
390 1277 474 1352 civis
499 1302 634 1366 iecore,
663 1276 829 1375 Princeps
853 1275 1018 1368 furiosus,
1035 1294 1215 1353 contume·
1249 1292 1256 1305 '

65 1397 187 1489 lioeus,⁴
221 1396 390 1496 prodigus
418 1393 521 1469 simul
550 1413 586 1468 et
613 1395 778 1486 erudelis,
803 1392 983 1493 religiosus
1012 1410 1046 1469 et
1075 1395 1214 1497 impius,

63 1511 136 1604 riti,
151 1530 276 1605 morte,
291 1508 461 1585 memorii
475 1513 690 1607 probrosus⁵

98 1767 244 1847 'Cupere
267 1770 424 1829 Suetonio
439 1769 522 1839 Caio,
535 1788 603 1831 xxi.
657 1771 725 1829 liter
760 1770 923 1848 ferebatur.
978 1766 1109 1825 Plurima
1148 1768 1210 1843 ejus

65 1848 260 1911 Destiuuverut
279 1849 357 1908 Sami
374 1850 538 1929 Polycratis
560 1872 603 1911 re·
659 1850 901 1910 contumeliarum
936 1848 1070 1925 exemplu
1109 1847 1148 1905 ibi
1182 1858 1212 1905 et

62 1932 127 2007 giem
141 1932 301 2000 restituere,
319 1930 419 1989 Mileti
433 1932 602 2009 Didymeum
658 1932 729 1991 eiids
744 1930 848 2009 passim
861 1928 944 1987 refert
958 1930 1076 1987 Seneca.

61 2032 195 2091 peregere,
224 2012 256 2070 iu
271 2017 350 2090 jugo
371 2012 487 2088 Alpium
508 2014 603 2073 urbem
701 2010 900 2070 'Probrorus
943 2010 1013 2067 inde
1025 2009 1212 2086 saepissime&

63 2094 178 2158 eredere,
201 2093 254 2153 sed
274 2100 340 2151 aute
361 2094 452 2150 omniu
465 2093 602 2152 Irtbmum
658 2094 847 2171 scriptoribus
859 2091 994 2149 Romanis
1003 2091 1051 2148 fax
1066 2090 1211 2169 pestisque

63 2172 206 2233 iuAebuid
220 2174 382 2253 perfodere.
424 2172 602 2250 Miseretque
661 2172 784 2250 imperii,
807 2172 995 2250 opprobrium
1022 2170 1128 2246 generis
1156 2173 1212 2229 hu-

56 2254 367 2329 jumuddr'metieudum
386 2272 455 2330 opus
474 2254 602 2331 primipi-
660 2255 737 2312 mani
759 2252 932 2330 appellatur.
963 2251 1090 2308 Tantum
1112 2264 1211 2312 autem

63 2334 149 2393 turem.
647 2335 715 2407 ¹fuit
728 2336 856 2391 omnium
871 2334 979 2390 inrum
991 2332 1102 2401 odium,
1129 2344 1212 2392 utne

97 2410 239 2476 ‘Summa
267 2415 348 2474 vitiu.
389 2412 507 2488 Seneca,
531 2412 604 2473 Cou-
658 2414 845 2492 ejusqnidem
856 2431 951 2470 munes
960 2413 1072 2490 quietos
1084 2414 1211 2473 siverint.

61 2496 135 2556 solut.
148 2500 185 2556 ed
198 2497 343 2559 Heluium.
360 2512 404 2555 tx.
658 2498 742 2555 Teste
753 2497 828 2554 enim
843 2495 991 2565 Suetonio,
1003 2494 1033 2551 in
1047 2495 1130 2565 Caio,
1142 2511 1213 2554 ux.

99 2573 216 2636 ³me
237 2577 352 2635 evertit.
387 2576 504 2649 Seneca,
530 2575 603 2635 Con·
660 2575 789 2635 Cadaver
801 2578 862 2651 ejur
874 2577 944 2632 ctum
962 2573 991 2632 iu
1004 2575 1101 2632 bortos
1116 2575 1212 2634 Lumi-

63 2658 136 2715 soiat.
150 2661 187 2717 ed
198 2658 356 2736 Polybium,
369 2675 487 2715 xxxvi.
509 2658 602 2715 immo
657 2677 727 2715 euos
751 2663 935 2734 asportatum,
974 2663 1002 2712 et
1026 2655 1212 2715 tumultuario

64 2738 123 2796 edm
143 2741 227 2818 periit
248 2747 352 2813 septem
370 2746 421 2795 aut
442 2747 505 2796 octo
527 2738 603 2797 certi
658 2757 730 2815 rogo
761 2739 984 2795 semiambustum
1020 2735 1076 2793 tevi
1108 2738 1213 2814 cespite

63 2818 160 2877 dierum
192 2820 302 2879 ciboria
326 2819 436 2894 populo
472 2821 603 2877 Romano
659 2821 788 2875 obrutum
813 2829 875 2874 est:
903 2817 1001 2893 posted
1026 2835 1078 2892 per
1099 2835 1212 2876 sorores

64 2912 227 2975 supererant,
241 2911 312 2958 teste
325 2899 443 2970 Seueri,
456 2901 490 2958 de
503 2900 604 2957 Brevi·
659 2901 693 2957 ab
708 2899 790 2956 eritio
816 2916 942 2968 reversos
966 2905 1085 2969 erutum,
1107 2919 1213 2958 erema·

66 2981 341 3052 introiturum.
391 2980 484 3056 idque
511 2998 602 3037 unum
660 2990 728 3048 tum,
748 2979 947 3056 sepultumque.
989 2976 1067 3036 Satis
1090 2987 1212 3050 constat,

65 3057 149 3118 doluit
180 3063 314 3133 moriens,
351 3058 424 3136 quid
456 3061 604 3119 decedebat
657 3057 1214 3138 prirmqmimidfieret,bortorumuusto·

63 3144 155 3217 populo
171 3142 295 3200 Romarm
306 3140 468 3216 superstite.
661 3143 709 3198 der
722 3139 826 3198 umbris
846 3139 1032 3216 inquietator:
1056 3138 1084 3195 in
1098 3137 1132 3196 ed
1146 3159 1213 3216 puo-

98 3219 112 3252 ⁴
144 3222 372 3281 Contumelirmrs.
416 3220 532 3286 Seneca,
570 3223 605 3279 de
660 3241 713 3298 que
726 3221 814 3288 durno,
827 3218 856 3278 in
869 3218 1213 3296 qutoccmueiienuttam

67 3296 222 3362 Constantii
254 3303 397 3379 sapientis,
431 3319 530 3359 xvnr.
571 3301 622 3359 C:
660 3307 768 3359 noctem
793 3301 851 3357 sine
874 3295 967 3376 aliquo
987 3309 1097 3358 terrore
1117 3307 1213 3359 truns-

66 3378 151 3439 Cremr
183 3385 260 3442 iuter
290 3392 384 3441 eeteru
409 3383 481 3440 vitiu
507 3383 604 3458 quibus
661 3391 763 3451 urtam,
787 3381 872 3440 donee
894 3382 955 3459 ipsu
968 3381 1063 3443 domur
1083 3379 1210 3442 incendio
1324 3415 1332 3427 ·

66 3463 222 3537 abundabat,
254 3461 465 3526 contumeiiosus
493 3463 606 3522 mirabi-
659 3461 864 3522 consumavit.
