2859 4950
240 268 299 323 408
646 254 984 317 SL'PPLEMENTUM
1172 254 1356 325 ‚A.U.C.797.

238 418 392 495 mcwriae
407 417 502 491 dono
514 416 616 489 data:
640 411 846 511 pernrimunr
863 410 1093 509 Harpocran
1112 426 1149 485 ut
1167 408 1298 485 lectict²
1311 437 1358 508 pet

237 536 377 610 Urbem
392 533 589 619 veheretur,
614 546 648 603 et
660 526 854 626 spectacula
871 524 1008 623 publicd
1026 526 1167 600 ederet*
1216 530 1320 601 Ausus
1334 546 1358 600 et

239 921 381 1007 principes
405 925 475 1004 regii
502 925 657 1004 sanguinis,
677 928 784 1004 quibus
840 926 887 987 chi
911 925 1093 1005 appellantur
1114 922 1177 983 Pon
1204 924 1257 992 lou,
1277 925 1357 993 idest,

239 1011 335 1087 plures
362 1009 547 1087 paucioresve.
567 1019 635 1066 sunt
655 1008 783 1066 eunuchi
839 1008 956 1067 dimidiet
970 1005 1037 1073 υἱώ
1058 1020 1087 1064 et
1099 1020 1290 1064 sunrnurnero
1303 1026 1357 1083 pau·

240 1110 292 1167 pro
306 1090 413 1149 ratione
426 1106 484 1147 suae
497 1087 650 1165 dignitatis.
691 1090 785 1147 Tanta
839 1089 876 1157 ci,
891 1086 1018 1165 nequitia
1032 1086 1187 1145 loedissinri.
1227 1084 1306 1155 Quod
1316 1088 1357 1142 sin·

239 1184 335 1229 autem
349 1169 388 1227 ibi
400 1184 443 1229 est
461 1170 661 1228 cunuchorum
682 1169 784 1241 libido,
838 1169 936 1247 gulare
947 1182 989 1227 est
1002 1170 1030 1225 in
1044 1167 1100 1226 hdc
1120 1165 1310 1225 eunuchorum
1327 1168 1356 1222 in-

240 1264 273 1309 ut
287 1250 370 1309 multi
386 1252 510 1309 audeant
520 1260 661 1307 etuxorer
674 1262 703 1307 et
715 1268 787 1309 con·
838 1248 935 1313 tamisi,
956 1248 985 1307 ia
999 1248 1106 1327 palatio
1121 1247 1240 1307 ministri
1262 1247 1356 1323 templo

239 1333 360 1389 rubinas
393 1332 506 1389 babere.
550 1330 695 1389 novenas
728 1330 784 1390 hoc
837 1350 901 1389 rum
924 1340 991 1387 sunt
1010 1327 1156 1397 eunuclri;
1178 1339 1207 1386 et
1226 1348 1275 1407 pro
1293 1328 1356 1383 vanis

238 1410 377 1487 flagitium
403 1410 464 1469 lata
484 1410 602 1487 quidem
628 1421 670 1468 est
692 1410 740 1468 lex
763 1408 782 1469 ὲ
837 1409 1019 1487 religionibus
1041 1422 1107 1467 sunt
1129 1410 1256 1467 eunuchi
1278 1408 1354 1466 Burri

239 1492 380 1570 dynastia,
391 1509 547 1569 quaenunc
562 1490 637 1549 Sinis
651 1493 781 1568 imperat.
838 1491 955 1561 Bostra
974 1489 1101 1548 eunuchi
1125 1490 1186 1547 Too
1211 1487 1269 1559 See,
1287 1508 1356 1546 euuu·

239 1572 351 1631 Verum
373 1572 494 1631 occulta
516 1570 611 1648 gliscit
633 1571 734 1642 libido,
754 1582 784 1629 et
836 1573 883 1630 chi
897 1570 995 1631 Lamo.
1035 1569 1279 1647 Constantinopoli
1296 1570 1355 1646 apud

238 1653 425 1711 mendacibus
441 1670 571 1709 sororum
592 1664 647 1711 aut
668 1652 784 1731 propin·
835 1654 998 1711 Turcarunr
1025 1652 1227 1729 Imperatorem
1254 1649 1355 1707 eunuchi

239 1753 362 1811 quarum
376 1731 538 1790 nominibus
550 1733 704 1809 obtegitur.
838 1732 933 1791 colore
945 1731 1171 1808 distinguuntur.
1211 1731 1277 1789 Albi
1292 1748 1356 1807 penes

282 1813 785 1891 Superestuttariaevolvamcuuu-
838 1814 1012 1889 Principem,
1042 1812 1114 1888 nigri
1142 1831 1228 1889 penes
1252 1810 1356 1869 sentinas

240 1894 360 1953 choram
381 1894 449 1951 sata.
490 1891 660 1970 Antiquitds
676 1893 706 1950 in
727 1910 784 1969 pce·
835 1894 973 1951 serviunt.
1008 1892 1356 1967 Eorurn‘ducibusdlopot

239 1994 307 2032 nam
325 1973 454 2037 criminis
473 1989 565 2033 ortum
579 1994 637 2033 csse
650 1975 783 2031 infament
834 1974 901 2051 Aga
914 1974 986 2031 inter
998 1974 1087 2045 albos,
1109 1974 1214 2032 Kislar
1232 1974 1289 2049 Aga
1300 1972 1356 2028 inter

240 2074 340 2113 eorum
353 2055 546 2114 conditionem
560 2055 693 2133 superius
713 2052 785 2111 dixi.
836 2054 938 2131 nigros,
958 2055 1045 2133 quiem
1066 2056 1195 2113 munima
1214 2064 1257 2112 est
1277 2062 1356 2111 aucto·

242 2136 331 2195 Circa
353 2136 459 2194 Christi
484 2136 709 2212 tempora,ci1m
734 2134 787 2211 dy·
837 2134 915 2194 ritas.

241 2216 336 2275 nastia
349 2216 419 2273 Han
435 2216 509 2273 Sinis
523 2216 682 2293 imperaret,
703 2215 786 2273 desiit
825 2260 827 2267 .

240 2298 375 2356 castratio
400 2298 474 2355 inter
499 2296 645 2374 supplicia
678 2296 786 2354 baberi.
877 2293 1089 2373 'Harpocroti
1124 2292 1356 2355 Suetonloatit.

239 2379 317 2437 Tum
337 2389 495 2437 accesserat
515 2378 593 2434 favor
606 2387 635 2433 et
648 2377 783 2446 fortuna3
837 2376 976 2435 beroaldo
995 2378 1116 2454 aliisque
1137 2378 1215 2436 idcnr
1227 2396 1284 2435 csse
1300 2374 1358 2430 vidc-

240 2458 396 2537 multisque
417 2458 523 2536 iolupc
534 2471 595 2516 crat
608 2458 652 2514 vel
668 2477 719 2536 per·
738 2458 783 2514 sni
838 2470 884 2516 tur
896 2477 931 2516 ac
945 2458 1091 2519 Callistus.

240 2542 368 2618 corporis
377 2540 579 2597 detrimtntum
588 2557 652 2596 eam
660 2539 782 2598 ambire:
877 2535 890 2564 ²
924 2537 1050 2600 Lectica
1090 2537 1268 2599 Lecticurrm
1297 2555 1357 2596 utun

239 2632 370 2698 parentes
382 2621 468 2678 etiam
481 2619 590 2677 nobiles
602 2618 729 2696 aliquem
751 2617 785 2677 li·
837 2621 922 2679 certis
936 2619 1045 2678 tantum
1056 2621 1231 2696 perreriae!
1244 2618 1359 2686 ctotilus,

174 2707 180 2724 ¹
239 2702 374 2761 berorum
393 2717 512 2758 suorum
527 2699 651 2759 ultroac
666 2699 786 2757 libenter
835 2720 939 2778 perque
962 2709 1053 2758 certos
1074 2701 1133 2758 dier
1151 2697 1359 2777 permisemtlu·

240 2782 266 2838 ei
287 2781 477 2854 destinabant,
505 2789 539 2838 ut
561 2781 733 2838 auctoritate
755 2781 784 2838 in
838 2781 893 2838 lius
906 2783 1012 2839 Caesar.
1033 2783 1149 2840 Sueten.
1165 2781 1266 2841 inlul.
1281 2793 1359 2838 aaut

239 2861 310 2920 auid
332 2861 467 2920 valerent.
508 2861 564 2919 Sed
578 2861 646 2919 crlm
662 2860 788 2938 proclive
879 2857 1026 2919 ³Pndlicd
1051 2863 1155 2920 ederet.
1197 2864 1274 2920 Cura
1294 2859 1359 2916 ludo·

239 2942 277 3000 sit
296 2941 463 3000 hominibus
474 2942 602 3000 maxime
622 2931 787 3000 imbellibus
840 2961 903 2999 rum
919 2941 985 3000 viris
998 2941 1133 3018 dignitate
1147 2942 1296 3020 praecipuis
1314 2955 1360 3015 per·

241 3025 431 3101 turpibusque
447 3022 563 3082 fortuna
581 3023 675 3092 abuti,
693 3039 786 3082 eunu·
839 3022 1016 3082 mittebatur.
1057 3022 1105 3080 Sic
1120 3023 1286 3088 Arruntium
1303 3017 1360 3078 Stel·

241 3104 289 3162 cbi
311 3105 347 3162 iis
364 3103 394 3161 in
415 3104 506 3181 regnis
529 3103 579 3160 ubi
600 3115 787 3181 praeposuere,
839 3103 1359 3179 lamludispraelteturnvidimussuprr

241 3184 284 3243 ita
302 3205 354 3262 pro
376 3186 495 3243 arbitrio
507 3197 536 3242 et
548 3185 667 3247 libidine
680 3196 788 3242 cuncta
842 3184 947 3242 Annal.
963 3189 1102 3242 x111.22.
1145 3184 1240 3261 Hujus
1261 3180 1360 3239 nominis

242 3266 360 3339 vertere,
378 3267 518 3343 totiesque
532 3264 715 3342 Principibus
730 3263 788 3325 rni-
840 3262 985 3322 consulem
998 3264 1060 3321 vide
1072 3265 1150 3341 apud
1165 3265 1303 3322 eruditum
1315 3260 1361 3317 Go-

243 3365 308 3408 num
336 3366 478 3411 creavere,
510 3355 553 3417 ut,
586 3345 656 3404 licet
686 3364 786 3402 eorum
841 3345 875 3416 ri,
895 3344 1032 3420 Inscript.
1054 3344 1154 3420 Antiq.
1177 3345 1233 3402 vol.
1253 3362 1274 3402 1.
1286 3361 1311 3419 p.
1322 3333 1358 3396 65.

243 3427 370 3485 conditio
388 3427 425 3484 ad
445 3445 557 3506 poenam
580 3425 707 3484 criminis
730 3443 787 3482 non
843 3425 977 3484 Audaces
990 3425 1057 3483 sane
1078 3425 1194 3483 libertos
1216 3426 1280 3484 fecit
1298 3438 1359 3477 scau·

242 3510 278 3566 sit
291 3519 432 3577 revocata,
452 3507 609 3583 multisque
627 3505 789 3564 ministeriis
842 3506 1064 3576 tusconsulturn,
1076 3525 1135 3582 quo
1147 3518 1266 3564 cautum
1278 3502 1359 3564 luerat,

243 3607 294 3666 per
306 3588 432 3646 Orientis
455 3606 539 3664 regna
562 3588 737 3664 superbiant,
757 3587 787 3644 in
842 3587 951 3663 nepum
959 3585 1161 3665 gladiatorium
1174 3606 1266 3644 muner
1278 3582 1359 3646 ederet,

244 3668 430 3748 ignobilitatis
450 3677 546 3725 tamen
559 3680 589 3725 et
600 3668 724 3726 infumiae
744 3685 789 3725 or·
843 3667 889 3724 cui
902 3661 1367 3745 minorqeadriageatorumrrillirm,

244 3749 310 3808 dine
323 3749 507 3807 retineantur.
530 3748 593 3805 Nec
602 3750 665 3825 jam
681 3748 790 3825 ubique
843 3767 889 3804 res
897 3769 909 3816 ,·
933 3755 967 3805 ut
989 3749 1101 3806 dictum
1124 3759 1167 3806 est
1180 3767 1263 3825 supra
1277 3737 1360 3801 Annul-

244 3828 468 3899 tiunteunuchi‚
488 3829 540 3886 nisi
559 3842 730 3907 egestateac
744 3847 794 3886 nea
843 3844 888 3886 rv.
914 3822 964 3886 63.
1016 3829 1102 3887 llanc
1128 3829 1275 3886 audaciam
1299 3827 1359 3880 nont

245 3909 374 3976 cessitate
396 3909 549 3988 compulsi.
589 3911 678 3987 Apud
700 3909 793 3979 Sinas,
844 3907 1001 3979 luvenalis,
1020 3925 1072 3966 111.
1085 3915 1135 3968 34.

245 3991 315 4050 curn
328 3990 454 4048 eunuchi
469 4009 566 4048 omnes
578 3989 615 4047 ad
628 3989 791 4066 Principem

246 4072 405 4150 pertineant
423 4072 543 4148 ejusque
563 4071 620 4128 sint
632 4071 719 4145 juris,
740 4087 792 4128 nec
847 4095 1142 4144 commutantem,
1154 4087 1359 4142 emicantem·

245 4155 284 4210 ab
307 4151 635 4228 aliisjudicibusineos
655 4151 795 4214 sententia
870 4166 905 4198 nc
951 4215 956 4224 ι
1019 4215 1024 4224 ,
1264 4209 1268 4218 ,

247 4233 313 4292 ferri
335 4233 435 4312 possit,
452 4231 634 4310 reperiuntur
651 4230 793 4290 scelerum
847 4203 1359 4322 ᾗᾜᾙᾝζᾞᾝβῧῇᾞΐ

247 4313 299 4387 rei,
335 4314 397 4390 qui,
428 4311 544 4371 ademtd
566 4313 621 4370 sibi
649 4311 794 4384 virilitate,
848 4301 1245 4387 mmmmmpopuraracr.

248 4393 449 4473 impunitatem
462 4401 602 4473 quarunt.
629 4392 797 4456 lllieuuu·
850 4464 853 4472 ι
