<?xml version="1.0" encoding="UTF-8"?>
<!DOCTYPE html PUBLIC "-//W3C//DTD XHTML 1.0 Transitional//EN"
    "http://www.w3.org/TR/xhtml1/DTD/xhtml1-transitional.dtd">
<html xmlns="http://www.w3.org/1999/xhtml" xml:lang="en" lang="en">
 <head>
  <title>
</title>
<meta http-equiv="Content-Type" content="text/html;charset=utf-8" />
  <meta name='ocr-system' content='tesseract 3.04.00' />
  <meta name='ocr-capabilities' content='ocr_page ocr_carea ocr_par ocr_line ocrx_word'/>
</head>
<body>
  <div class='ocr_page' id='page_1' title='image "./ccorntacitioper01valpgoog_0535.png"; bbox 0 0 2859 4950; ppageno 0'>
   <div class='ocr_carea' id='block_1_1' title="bbox 33 287 1259 387">
    <p class='ocr_par' dir='ltr' id='par_1_1' title="bbox 33 287 1259 387">
     <span class='ocr_line' id='line_1_1' title="bbox 33 287 1259 387; baseline 0.012 -38"><span class='ocrx_word' id='word_1_1' title='bbox 33 288 64 349; x_wconf 79' lang='lat' dir='ltr'><strong>J.</strong></span> <span class='ocrx_word' id='word_1_2' title='bbox 79 288 119 349; x_wconf 81' lang='lat' dir='ltr'><strong>C.</strong></span> <span class='ocrx_word' id='word_1_3' title='bbox 136 293 196 355; x_wconf 83' lang='grc'><strong>70.</strong></span> <span class='ocrx_word' id='word_1_4' title='bbox 246 289 306 348; x_wconf 80' lang='lat' dir='ltr'><strong>AD</strong></span> <span class='ocrx_word' id='word_1_5' title='bbox 328 288 486 350; x_wconf 82' lang='lat' dir='ltr'>LIBRUM</span> <span class='ocrx_word' id='word_1_6' title='bbox 508 287 706 381; x_wconf 77' lang='lat' dir='ltr'><strong>QlJlNTUM</strong></span> <span class='ocrx_word' id='word_1_7' title='bbox 727 288 1026 387; x_wconf 65' lang='lat' dir='ltr'><strong>Historiarum.</strong></span> <span class='ocrx_word' id='word_1_8' title='bbox 1152 305 1208 363; x_wconf 74' lang='grc'><strong>521</strong></span> <span class='ocrx_word' id='word_1_9' title='bbox 1254 336 1259 349; x_wconf 45' lang='grc' dir='ltr'><em>ν</em></span> 
     </span>
    </p>
   </div>
   <div class='ocr_carea' id='block_1_2' title="bbox 32 442 1212 1121">
    <p class='ocr_par' dir='ltr' id='par_1_2' title="bbox 32 442 1212 1121">
     <span class='ocr_line' id='line_1_2' title="bbox 32 442 1209 550; baseline 0.012 -33"><span class='ocrx_word' id='word_1_10' title='bbox 32 442 221 519; x_wconf 87' lang='lat' dir='ltr'><strong>consertis</strong></span> <span class='ocrx_word' id='word_1_11' title='bbox 258 460 337 518; x_wconf 87' lang='lat' dir='ltr'><strong>ante</strong></span> <span class='ocrx_word' id='word_1_12' title='bbox 364 468 427 519; x_wconf 85' lang='lat' dir='ltr'><strong>ora</strong></span> <span class='ocrx_word' id='word_1_13' title='bbox 458 444 599 543; x_wconf 87' lang='lat' dir='ltr'><strong>clypeis,</strong></span> <span class='ocrx_word' id='word_1_14' title='bbox 632 445 828 547; x_wconf 77' lang='lat' dir='ltr'><strong>immobiles</strong></span> <span class='ocrx_word' id='word_1_15' title='bbox 858 460 901 524; x_wconf 76' lang='lat' dir='ltr'><strong>et&#39;</strong></span> <span class='ocrx_word' id='word_1_16' title='bbox 924 450 1209 550; x_wconf 81' lang='lat' dir='ltr'>impenetrabiles.</span> 
     </span>
     <span class='ocr_line' id='line_1_3' title="bbox 33 559 1211 657; baseline 0.011 -24"><span class='ocrx_word' id='word_1_17' title='bbox 33 560 215 633; x_wconf 89' lang='lat' dir='ltr'><strong>Numero</strong></span> <span class='ocrx_word' id='word_1_18' title='bbox 229 575 347 631; x_wconf 88' lang='lat' dir='ltr'><strong>tamen</strong></span> <span class='ocrx_word' id='word_1_19' title='bbox 358 559 507 657; x_wconf 86' lang='lat' dir='ltr'><strong>impares</strong></span> <span class='ocrx_word' id='word_1_20' title='bbox 519 560 710 653; x_wconf 82' lang='lat' dir='ltr'><strong>cessissent,</strong></span> <span class='ocrx_word' id='word_1_21' title='bbox 722 561 758 636; x_wconf 91' lang='lat' dir='ltr'><strong>ni</strong></span> <span class='ocrx_word' id='word_1_22' title='bbox 770 562 885 655; x_wconf 87' lang='lat' dir='ltr'><strong>Titus,</strong></span> <span class='ocrx_word' id='word_1_23' title='bbox 899 562 919 638; x_wconf 83' lang='grc' dir='ltr'>ὲ</span> <span class='ocrx_word' id='word_1_24' title='bbox 936 567 1022 639; x_wconf 88' lang='lat' dir='ltr'><strong>turri</strong></span> <span class='ocrx_word' id='word_1_25' title='bbox 1038 570 1211 646; x_wconf 76' lang='lat' dir='ltr'><strong>Antoniis¹</strong></span> 
     </span>
     <span class='ocr_line' id='line_1_4' title="bbox 34 674 1212 780; baseline 0.015 -35"><span class='ocrx_word' id='word_1_26' title='bbox 34 696 211 774; x_wconf 85' lang='lat' dir='ltr'><strong>pugnam</strong></span> <span class='ocrx_word' id='word_1_27' title='bbox 229 690 466 772; x_wconf 73' lang='lat' dir='ltr'><strong>prospectans,</strong></span> <span class='ocrx_word' id='word_1_28' title='bbox 491 674 579 749; x_wconf 89' lang='lat' dir='ltr'><strong>citus</strong></span> <span class='ocrx_word' id='word_1_29' title='bbox 595 701 699 774; x_wconf 89' lang='lat' dir='ltr'><strong>opem</strong></span> <span class='ocrx_word' id='word_1_30' title='bbox 715 704 797 751; x_wconf 89' lang='lat' dir='ltr'><strong>cum</strong></span> <span class='ocrx_word' id='word_1_31' title='bbox 814 678 909 754; x_wconf 90' lang='lat' dir='ltr'><strong>lectis</strong></span> <span class='ocrx_word' id='word_1_32' title='bbox 925 682 1095 780; x_wconf 89' lang='lat' dir='ltr'><strong>equitibus</strong></span> <span class='ocrx_word' id='word_1_33' title='bbox 1116 684 1212 763; x_wconf 88' lang='lat' dir='ltr'><strong>tulis-</strong></span> 
     </span>
     <span class='ocr_line' id='line_1_5' title="bbox 35 788 1211 899; baseline 0.01 -36"><span class='ocrx_word' id='word_1_34' title='bbox 35 807 102 863; x_wconf 85' lang='lat' dir='ltr'><strong>set.</strong></span> <span class='ocrx_word' id='word_1_35' title='bbox 160 788 298 878; x_wconf 82' lang='lat' dir='ltr'><strong>Judaei,</strong></span> <span class='ocrx_word' id='word_1_36' title='bbox 325 790 492 865; x_wconf 74' lang='lat' dir='ltr'><strong>adversus</strong></span> <span class='ocrx_word' id='word_1_37' title='bbox 519 790 665 865; x_wconf 62' lang='lat' dir='ltr'><strong>cenans</strong></span> <span class='ocrx_word' id='word_1_38' title='bbox 692 792 764 865; x_wconf 89' lang='lat' dir='ltr'><strong>vim</strong></span> <span class='ocrx_word' id='word_1_39' title='bbox 787 794 939 886; x_wconf 75' lang='lat' dir='ltr'><strong>invalidi,</strong></span> <span class='ocrx_word' id='word_1_40' title='bbox 967 814 1002 871; x_wconf 93' lang='lat' dir='ltr'><strong>et</strong></span> <span class='ocrx_word' id='word_1_41' title='bbox 1026 797 1062 871; x_wconf 88' lang='lat' dir='ltr'><strong>ln</strong></span> <span class='ocrx_word' id='word_1_42' title='bbox 1089 794 1211 899; x_wconf 79' lang='lat' dir='ltr'><strong>fugam</strong></span> 
     </span>
     <span class='ocr_line' id='line_1_6' title="bbox 36 904 1210 1013; baseline 0.013 -37"><span class='ocrx_word' id='word_1_43' title='bbox 36 904 121 995; x_wconf 89' lang='lat' dir='ltr'><strong>acti,</strong></span> <span class='ocrx_word' id='word_1_44' title='bbox 151 904 334 979; x_wconf 81' lang='lat' dir='ltr'><strong>subitariis</strong></span> <span class='ocrx_word' id='word_1_45' title='bbox 349 905 599 981; x_wconf 84' lang='lat' dir='ltr'><strong>velitationibus</strong></span> <span class='ocrx_word' id='word_1_46' title='bbox 622 905 751 984; x_wconf 79' lang='lat' dir='ltr'><strong>frustra</strong></span> <span class='ocrx_word' id='word_1_47' title='bbox 774 908 940 987; x_wconf 83' lang='lat' dir='ltr'><strong>inlusere:</strong></span> <span class='ocrx_word' id='word_1_48' title='bbox 966 936 1102 1013; x_wconf 80' lang='lat' dir='ltr'><strong>semper</strong></span> <span class='ocrx_word' id='word_1_49' title='bbox 1117 914 1210 1009; x_wconf 88' lang='lat' dir='ltr'><strong>victi,</strong></span> 
     </span>
     <span class='ocr_line' id='line_1_7' title="bbox 36 1016 514 1121; baseline 0.002 -26"><span class='ocrx_word' id='word_1_50' title='bbox 36 1016 75 1095; x_wconf 89' lang='lat' dir='ltr'><strong>in</strong></span> <span class='ocrx_word' id='word_1_51' title='bbox 91 1021 283 1119; x_wconf 88' lang='lat' dir='ltr'><strong>templum</strong></span> <span class='ocrx_word' id='word_1_52' title='bbox 299 1019 514 1121; x_wconf 84' lang='lat' dir='ltr'><strong>profugiunt.</strong></span> 
     </span>
    </p>
   </div>
   <div class='ocr_carea' id='block_1_3' title="bbox 38 1252 1327 3436">
    <p class='ocr_par' dir='ltr' id='par_1_3' title="bbox 38 1252 1327 3436">
     <span class='ocr_line' id='line_1_8' title="bbox 90 1252 1210 1356; baseline 0.01 -30"><span class='ocrx_word' id='word_1_53' title='bbox 90 1263 159 1326; x_wconf 79' lang='grc'><strong>38.</strong></span> <span class='ocrx_word' id='word_1_54' title='bbox 186 1254 291 1327; x_wconf 85' lang='lat' dir='ltr'><strong>Tum</strong></span> <span class='ocrx_word' id='word_1_55' title='bbox 316 1254 430 1345; x_wconf 75' lang='lat' dir='ltr'><strong>littra,</strong></span> <span class='ocrx_word' id='word_1_56' title='bbox 454 1252 491 1328; x_wconf 91' lang='lat' dir='ltr'><strong>in</strong></span> <span class='ocrx_word' id='word_1_57' title='bbox 514 1253 705 1330; x_wconf 80' lang='lat' dir='ltr'><strong>Antoniam</strong></span> <span class='ocrx_word' id='word_1_58' title='bbox 726 1254 850 1331; x_wconf 83' lang='lat' dir='ltr'><strong>turrim</strong></span> <span class='ocrx_word' id='word_1_59' title='bbox 873 1282 1044 1351; x_wconf 80' lang='lat' dir='ltr'><strong>reversus,</strong></span> <span class='ocrx_word' id='word_1_60' title='bbox 1069 1276 1210 1356; x_wconf 86' lang='lat' dir='ltr'><strong>postero</strong></span> 
     </span>
     <span class='ocr_line' id='line_1_9' title="bbox 38 1364 1209 1471; baseline 0.009 -31"><span class='ocrx_word' id='word_1_61' title='bbox 38 1364 97 1440; x_wconf 91' lang='lat' dir='ltr'><strong>die</strong></span> <span class='ocrx_word' id='word_1_62' title='bbox 115 1366 198 1441; x_wconf 68' lang='lat' dir='ltr'><strong>tota</strong></span> <span class='ocrx_word' id='word_1_63' title='bbox 215 1393 365 1443; x_wconf 87' lang='lat' dir='ltr'><strong>suorum</strong></span> <span class='ocrx_word' id='word_1_64' title='bbox 380 1371 414 1443; x_wconf 92' lang='lat' dir='ltr'><strong>vi</strong></span> <span class='ocrx_word' id='word_1_65' title='bbox 429 1370 582 1461; x_wconf 87' lang='lat' dir='ltr'><strong>inruere,</strong></span> <span class='ocrx_word' id='word_1_66' title='bbox 597 1372 837 1471; x_wconf 90' lang='lat' dir='ltr'><strong>templumque</strong></span> <span class='ocrx_word' id='word_1_67' title='bbox 849 1372 1091 1449; x_wconf 86' lang='lat' dir='ltr'><strong>circumsidere</strong></span> <span class='ocrx_word' id='word_1_68' title='bbox 1107 1376 1209 1451; x_wconf 85' lang='lat' dir='ltr'><strong>desti·</strong></span> 
     </span>
     <span class='ocr_line' id='line_1_10' title="bbox 38 1469 1205 1589; baseline 0.009 -33"><span class='ocrx_word' id='word_1_69' title='bbox 38 1486 161 1557; x_wconf 87' lang='lat' dir='ltr'><strong>nabat.</strong></span> <span class='ocrx_word' id='word_1_70' title='bbox 217 1482 292 1557; x_wconf 88' lang='lat' dir='ltr'><strong>Sed</strong></span> <span class='ocrx_word' id='word_1_71' title='bbox 311 1486 423 1560; x_wconf 80' lang='lat' dir='ltr'><strong>acrior</strong></span> <span class='ocrx_word' id='word_1_72' title='bbox 438 1469 508 1559; x_wconf 89' lang='lat' dir='ltr'><strong>Dei</strong></span> <span class='ocrx_word' id='word_1_73' title='bbox 522 1486 574 1560; x_wconf 89' lang='lat' dir='ltr'><strong>ira</strong></span> <span class='ocrx_word' id='word_1_74' title='bbox 589 1489 728 1563; x_wconf 85' lang='lat' dir='ltr'><strong>Judaeos</strong></span> <span class='ocrx_word' id='word_1_75' title='bbox 751 1490 906 1589; x_wconf 85' lang='lat' dir='ltr'><strong>urgebat.</strong></span> <span class='ocrx_word' id='word_1_76' title='bbox 959 1490 1039 1589; x_wconf 87' lang='lat' dir='ltr'><strong>Ipsi,</strong></span> <span class='ocrx_word' id='word_1_77' title='bbox 1063 1516 1143 1567; x_wconf 84' lang='lat' dir='ltr'><strong>suas</strong></span> <span class='ocrx_word' id='word_1_78' title='bbox 1161 1490 1205 1567; x_wconf 91' lang='lat' dir='ltr'><strong>ad</strong></span> 
     </span>
     <span class='ocr_line' id='line_1_11' title="bbox 40 1600 1207 1707; baseline 0.009 -36"><span class='ocrx_word' id='word_1_79' title='bbox 40 1618 170 1693; x_wconf 82' lang='lat' dir='ltr'><strong>poenas</strong></span> <span class='ocrx_word' id='word_1_80' title='bbox 203 1600 349 1697; x_wconf 90' lang='lat' dir='ltr'><strong>promti,</strong></span> <span class='ocrx_word' id='word_1_81' title='bbox 379 1603 560 1675; x_wconf 88' lang='lat' dir='ltr'><strong>Romanos</strong></span> <span class='ocrx_word' id='word_1_82' title='bbox 587 1604 839 1702; x_wconf 86' lang='lat' dir='ltr'><strong>restinguendis</strong></span> <span class='ocrx_word' id='word_1_83' title='bbox 876 1605 1054 1680; x_wconf 82' lang='lat' dir='ltr'><strong>exterioris</strong></span> <span class='ocrx_word' id='word_1_84' title='bbox 1082 1606 1207 1707; x_wconf 82' lang='lat' dir='ltr'><strong>templi</strong></span> 
     </span>
     <span class='ocr_line' id='line_1_12' title="bbox 40 1710 1327 1825; baseline 0.01 -38"><span class='ocrx_word' id='word_1_85' title='bbox 40 1710 218 1789; x_wconf 89' lang='lat' dir='ltr'><strong>incendiis</strong></span> <span class='ocrx_word' id='word_1_86' title='bbox 235 1724 395 1813; x_wconf 81' lang='lat' dir='ltr'><strong>operatos</strong></span> <span class='ocrx_word' id='word_1_87' title='bbox 406 1718 583 1793; x_wconf 90' lang='lat' dir='ltr'><strong>invadunt.</strong></span> <span class='ocrx_word' id='word_1_88' title='bbox 630 1721 754 1791; x_wconf 91' lang='lat' dir='ltr'><strong>Talem</strong></span> <span class='ocrx_word' id='word_1_89' title='bbox 771 1719 995 1817; x_wconf 80' lang='lat' dir='ltr'><strong>pervicaciam</strong></span> <span class='ocrx_word' id='word_1_90' title='bbox 1010 1712 1209 1825; x_wconf 79' lang='lat' dir='ltr'><strong>indignatus</strong></span> <span class='ocrx_word' id='word_1_91' title='bbox 1324 1768 1327 1774; x_wconf 95' lang='lat'>·</span> 
     </span>
     <span class='ocr_line' id='line_1_13' title="bbox 43 1821 1207 1937; baseline 0.014 -37"><span class='ocrx_word' id='word_1_92' title='bbox 43 1827 146 1903; x_wconf 88' lang='lat' dir='ltr'><strong>miles</strong></span> <span class='ocrx_word' id='word_1_93' title='bbox 165 1821 367 1924; x_wconf 70' lang='lat' dir='ltr'><strong>Romanus,</strong></span> <span class='ocrx_word' id='word_1_94' title='bbox 380 1833 639 1907; x_wconf 81' lang='lat' dir='ltr'><strong>tumultuariam</strong></span> <span class='ocrx_word' id='word_1_95' title='bbox 647 1835 851 1910; x_wconf 84' lang='lat' dir='ltr'><strong>Iudaeorum</strong></span> <span class='ocrx_word' id='word_1_96' title='bbox 864 1860 1007 1911; x_wconf 91' lang='lat' dir='ltr'><strong>manum</strong></span> <span class='ocrx_word' id='word_1_97' title='bbox 1022 1838 1069 1913; x_wconf 88' lang='lat' dir='ltr'><strong>ita</strong></span> <span class='ocrx_word' id='word_1_98' title='bbox 1083 1864 1207 1937; x_wconf 86' lang='lat' dir='ltr'><strong>perco-</strong></span> 
     </span>
     <span class='ocr_line' id='line_1_14' title="bbox 43 1940 1209 2051; baseline 0.013 -35"><span class='ocrx_word' id='word_1_99' title='bbox 43 1940 95 2036; x_wconf 88' lang='lat' dir='ltr'><strong>lit,</strong></span> <span class='ocrx_word' id='word_1_100' title='bbox 113 1963 156 2019; x_wconf 88' lang='lat' dir='ltr'><strong>ut</strong></span> <span class='ocrx_word' id='word_1_101' title='bbox 172 1943 266 2045; x_wconf 77' lang='lat' dir='ltr'><strong>fugi</strong></span> <span class='ocrx_word' id='word_1_102' title='bbox 282 1974 467 2025; x_wconf 87' lang='lat' dir='ltr'><strong>conversos</strong></span> <span class='ocrx_word' id='word_1_103' title='bbox 478 1949 515 2023; x_wconf 91' lang='lat' dir='ltr'><strong>in</strong></span> <span class='ocrx_word' id='word_1_104' title='bbox 527 1951 695 2049; x_wconf 89' lang='lat' dir='ltr'><strong>templum</strong></span> <span class='ocrx_word' id='word_1_105' title='bbox 708 1976 818 2050; x_wconf 88' lang='lat' dir='ltr'><strong>usque</strong></span> <span class='ocrx_word' id='word_1_106' title='bbox 830 1954 1080 2051; x_wconf 86' lang='lat' dir='ltr'><strong>insequeretur.</strong></span> <span class='ocrx_word' id='word_1_107' title='bbox 1109 1956 1209 2031; x_wconf 86' lang='lat' dir='ltr'><strong>Tum</strong></span> 
     </span>
     <span class='ocr_line' id='line_1_15' title="bbox 46 2062 1206 2165; baseline 0.009 -30"><span class='ocrx_word' id='word_1_108' title='bbox 46 2087 90 2135; x_wconf 88' lang='lat' dir='ltr'><strong>ex</strong></span> <span class='ocrx_word' id='word_1_109' title='bbox 116 2062 159 2137; x_wconf 88' lang='lat' dir='ltr'><strong>iis</strong></span> <span class='ocrx_word' id='word_1_110' title='bbox 185 2088 294 2155; x_wconf 90' lang='lat' dir='ltr'><strong>unus,</strong></span> <span class='ocrx_word' id='word_1_111' title='bbox 327 2065 487 2165; x_wconf 86' lang='lat' dir='ltr'><strong>injussus,</strong></span> <span class='ocrx_word' id='word_1_112' title='bbox 516 2068 578 2141; x_wconf 93' lang='lat' dir='ltr'><strong>sed</strong></span> <span class='ocrx_word' id='word_1_113' title='bbox 601 2068 718 2141; x_wconf 93' lang='lat' dir='ltr'><strong>divino</strong></span> <span class='ocrx_word' id='word_1_114' title='bbox 740 2067 892 2165; x_wconf 91' lang='lat' dir='ltr'><strong>quodam</strong></span> <span class='ocrx_word' id='word_1_115' title='bbox 919 2068 1070 2165; x_wconf 83' lang='lat' dir='ltr'><strong>impetu⁸</strong></span> <span class='ocrx_word' id='word_1_116' title='bbox 1095 2086 1206 2163; x_wconf 78' lang='lat' dir='ltr'><strong>actae,</strong></span> 
     </span>
     <span class='ocr_line' id='line_1_16' title="bbox 46 2182 1281 2280; baseline 0.008 -30"><span class='ocrx_word' id='word_1_117' title='bbox 46 2195 142 2252; x_wconf 90' lang='lat' dir='ltr'><strong>torre</strong></span> <span class='ocrx_word' id='word_1_118' title='bbox 168 2196 349 2278; x_wconf 89' lang='lat' dir='ltr'><strong>correpto,</strong></span> <span class='ocrx_word' id='word_1_119' title='bbox 372 2182 551 2280; x_wconf 87' lang='lat' dir='ltr'><strong>alteroque</strong></span> <span class='ocrx_word' id='word_1_120' title='bbox 571 2183 770 2257; x_wconf 87' lang='lat' dir='ltr'><strong>sublevante</strong></span> <span class='ocrx_word' id='word_1_121' title='bbox 787 2182 906 2273; x_wconf 92' lang='lat' dir='ltr'><strong>milite,</strong></span> <span class='ocrx_word' id='word_1_122' title='bbox 930 2184 1084 2257; x_wconf 90' lang='lat' dir='ltr'><strong>incensas</strong></span> <span class='ocrx_word' id='word_1_123' title='bbox 1100 2202 1206 2261; x_wconf 88' lang='lat' dir='ltr'><strong>mate·</strong></span> <span class='ocrx_word' id='word_1_124' title='bbox 1278 2208 1281 2215; x_wconf 82' lang='grc'><strong><em>’</em></strong></span> 
     </span>
     <span class='ocr_line' id='line_1_17' title="bbox 46 2291 1205 2398; baseline 0.008 -32"><span class='ocrx_word' id='word_1_125' title='bbox 46 2293 112 2367; x_wconf 86' lang='lat' dir='ltr'><strong>rias</strong></span> <span class='ocrx_word' id='word_1_126' title='bbox 138 2320 207 2392; x_wconf 89' lang='lat' dir='ltr'><strong>per</strong></span> <span class='ocrx_word' id='word_1_127' title='bbox 232 2291 420 2371; x_wconf 75' lang='lat' dir='ltr'><strong>fenestram</strong></span> <span class='ocrx_word' id='word_1_128' title='bbox 440 2322 594 2386; x_wconf 87' lang='lat' dir='ltr'><strong>auream,</strong></span> <span class='ocrx_word' id='word_1_129' title='bbox 620 2297 713 2372; x_wconf 89' lang='lat' dir='ltr'><strong>unde</strong></span> <span class='ocrx_word' id='word_1_130' title='bbox 729 2300 774 2388; x_wconf 79' lang='lat' dir='ltr'><strong>ad</strong></span> <span class='ocrx_word' id='word_1_131' title='bbox 790 2298 891 2372; x_wconf 88' lang='lat' dir='ltr'><strong>cellas</strong></span> <span class='ocrx_word' id='word_1_132' title='bbox 907 2298 999 2372; x_wconf 90' lang='lat' dir='ltr'><strong>circa</strong></span> <span class='ocrx_word' id='word_1_133' title='bbox 1013 2296 1205 2398; x_wconf 81' lang='lat' dir='ltr'><strong>templum¹</strong></span> 
     </span>
     <span class='ocr_line' id='line_1_18' title="bbox 48 2410 1207 2513; baseline 0.007 -29"><span class='ocrx_word' id='word_1_134' title='bbox 48 2410 176 2506; x_wconf 88' lang='lat' dir='ltr'><strong>positas</strong></span> <span class='ocrx_word' id='word_1_135' title='bbox 215 2410 342 2485; x_wconf 80' lang='lat' dir='ltr'><strong>verstis</strong></span> <span class='ocrx_word' id='word_1_136' title='bbox 382 2411 671 2509; x_wconf 89' lang='lat' dir='ltr'><strong>Septemtrionem</strong></span> <span class='ocrx_word' id='word_1_137' title='bbox 707 2428 780 2486; x_wconf 90' lang='lat' dir='ltr'><strong>erat</strong></span> <span class='ocrx_word' id='word_1_138' title='bbox 812 2412 935 2503; x_wconf 89' lang='lat' dir='ltr'><strong>aditus,</strong></span> <span class='ocrx_word' id='word_1_139' title='bbox 976 2412 1091 2513; x_wconf 89' lang='lat' dir='ltr'><strong>injicit.</strong></span> <span class='ocrx_word' id='word_1_140' title='bbox 1152 2416 1207 2492; x_wconf 91' lang='lat' dir='ltr'><strong>Ut</strong></span> 
     </span>
     <span class='ocr_line' id='line_1_19' title="bbox 49 2525 1206 2628; baseline 0.005 -30"><span class='ocrx_word' id='word_1_141' title='bbox 49 2525 192 2599; x_wconf 76' lang='lat' dir='ltr'><strong>limma</strong></span> <span class='ocrx_word' id='word_1_142' title='bbox 207 2525 336 2624; x_wconf 88' lang='lat' dir='ltr'><strong>erupit,</strong></span> <span class='ocrx_word' id='word_1_143' title='bbox 352 2527 488 2601; x_wconf 91' lang='lat' dir='ltr'><strong>auditus</strong></span> <span class='ocrx_word' id='word_1_144' title='bbox 509 2528 726 2618; x_wconf 84' lang='lat' dir='ltr'><strong>Judaeorum,</strong></span> <span class='ocrx_word' id='word_1_145' title='bbox 753 2527 954 2626; x_wconf 73' lang='lat' dir='ltr'><strong>plusquam</strong></span> <span class='ocrx_word' id='word_1_146' title='bbox 972 2529 1206 2628; x_wconf 91' lang='lat' dir='ltr'><strong>pereuntium,</strong></span> 
     </span>
     <span class='ocr_line' id='line_1_20' title="bbox 49 2641 1204 2742; baseline 0.009 -30"><span class='ocrx_word' id='word_1_147' title='bbox 49 2641 194 2717; x_wconf 88' lang='lat' dir='ltr'><strong>clamor.</strong></span> <span class='ocrx_word' id='word_1_148' title='bbox 252 2643 307 2716; x_wconf 90' lang='lat' dir='ltr'><strong>Re</strong></span> <span class='ocrx_word' id='word_1_149' title='bbox 331 2642 426 2731; x_wconf 92' lang='lat' dir='ltr'><strong>Tito,</strong></span> <span class='ocrx_word' id='word_1_150' title='bbox 451 2644 603 2741; x_wconf 90' lang='lat' dir='ltr'><strong>quietem</strong></span> <span class='ocrx_word' id='word_1_151' title='bbox 627 2643 788 2741; x_wconf 86' lang='lat' dir='ltr'><strong>captanti,</strong></span> <span class='ocrx_word' id='word_1_152' title='bbox 815 2643 963 2742; x_wconf 68' lang='lat' dir='ltr'><strong>properi</strong></span> <span class='ocrx_word' id='word_1_153' title='bbox 990 2645 1158 2738; x_wconf 75' lang='lat' dir='ltr'><strong>nuntiati,</strong></span> <span class='ocrx_word' id='word_1_154' title='bbox 1181 2647 1204 2722; x_wconf 82' lang='grc' dir='ltr'>ὲ</span> 
     </span>
     <span class='ocr_line' id='line_1_21' title="bbox 51 2755 1204 2860; baseline 0.006 -30"><span class='ocrx_word' id='word_1_155' title='bbox 51 2758 200 2833; x_wconf 89' lang='lat' dir='ltr'><strong>tentorio</strong></span> <span class='ocrx_word' id='word_1_156' title='bbox 226 2755 340 2831; x_wconf 88' lang='lat' dir='ltr'><strong>statim</strong></span> <span class='ocrx_word' id='word_1_157' title='bbox 365 2755 542 2854; x_wconf 77' lang='lat' dir='ltr'><strong>prosilitt⁴</strong></span> <span class='ocrx_word' id='word_1_158' title='bbox 565 2758 717 2832; x_wconf 78' lang='lat' dir='ltr'><strong>adcurrit</strong></span> <span class='ocrx_word' id='word_1_159' title='bbox 743 2775 781 2831; x_wconf 93' lang='lat' dir='ltr'><strong>ut</strong></span> <span class='ocrx_word' id='word_1_160' title='bbox 805 2757 960 2832; x_wconf 87' lang='lat' dir='ltr'><strong>incendia</strong></span> <span class='ocrx_word' id='word_1_161' title='bbox 977 2761 1204 2860; x_wconf 84' lang='lat' dir='ltr'><strong>comprimat:</strong></span> 
     </span>
     <span class='ocr_line' id='line_1_22' title="bbox 52 2871 1205 2953; baseline 0.006 -8"><span class='ocrx_word' id='word_1_162' title='bbox 52 2876 263 2949; x_wconf 88' lang='lat' dir='ltr'><strong>comitantur</strong></span> <span class='ocrx_word' id='word_1_163' title='bbox 292 2874 419 2946; x_wconf 84' lang='lat' dir='ltr'><strong>duces:</strong></span> <span class='ocrx_word' id='word_1_164' title='bbox 447 2871 467 2944; x_wconf 80' lang='grc' dir='ltr'>ὲ</span> <span class='ocrx_word' id='word_1_165' title='bbox 491 2873 608 2946; x_wconf 81' lang='lat' dir='ltr'><strong>castris</strong></span> <span class='ocrx_word' id='word_1_166' title='bbox 633 2872 794 2948; x_wconf 88' lang='lat' dir='ltr'><strong>omnibus</strong></span> <span class='ocrx_word' id='word_1_167' title='bbox 821 2876 996 2948; x_wconf 84' lang='lat' dir='ltr'><strong>concurrit</strong></span> <span class='ocrx_word' id='word_1_168' title='bbox 1021 2877 1205 2953; x_wconf 85' lang='lat' dir='ltr'><strong>exercitus.</strong></span> 
     </span>
     <span class='ocr_line' id='line_1_23' title="bbox 54 2988 1207 3090; baseline 0.006 -29"><span class='ocrx_word' id='word_1_169' title='bbox 54 2989 185 3064; x_wconf 90' lang='lat' dir='ltr'><strong>Omnia</strong></span> <span class='ocrx_word' id='word_1_170' title='bbox 202 2988 385 3064; x_wconf 87' lang='lat' dir='ltr'><strong>inconditis</strong></span> <span class='ocrx_word' id='word_1_171' title='bbox 401 2989 610 3063; x_wconf 90' lang='lat' dir='ltr'><strong>clamoribus</strong></span> <span class='ocrx_word' id='word_1_172' title='bbox 631 3006 826 3087; x_wconf 85' lang='lat' dir='ltr'><strong>personant.</strong></span> <span class='ocrx_word' id='word_1_173' title='bbox 876 2990 958 3090; x_wconf 80' lang='lat' dir='ltr'><strong>Tito</strong></span> <span class='ocrx_word' id='word_1_174' title='bbox 983 3015 1069 3066; x_wconf 91' lang='lat' dir='ltr'><strong>voce</strong></span> <span class='ocrx_word' id='word_1_175' title='bbox 1085 3017 1207 3068; x_wconf 88' lang='lat' dir='ltr'><strong>manu-</strong></span> 
     </span>
     <span class='ocr_line' id='line_1_24' title="bbox 55 3104 1206 3204; baseline 0.005 -26"><span class='ocrx_word' id='word_1_176' title='bbox 55 3111 142 3201; x_wconf 81' lang='lat' dir='ltr'><strong>que⁵</strong></span> <span class='ocrx_word' id='word_1_177' title='bbox 168 3105 409 3180; x_wconf 87' lang='lat' dir='ltr'><strong>“incendium</strong></span> <span class='ocrx_word' id='word_1_178' title='bbox 440 3104 607 3204; x_wconf 89' lang='lat' dir='ltr'><strong>restingui</strong></span> <span class='ocrx_word' id='word_1_179' title='bbox 617 3107 642 3139; x_wconf 89' lang='lat'><strong>&#39;’</strong></span> <span class='ocrx_word' id='word_1_180' title='bbox 676 3105 901 3204; x_wconf 82' lang='lat' dir='ltr'><strong>significante,</strong></span> <span class='ocrx_word' id='word_1_181' title='bbox 928 3127 1032 3178; x_wconf 89' lang='lat' dir='ltr'><strong>nemo</strong></span> <span class='ocrx_word' id='word_1_182' title='bbox 1065 3109 1206 3184; x_wconf 84' lang='lat' dir='ltr'><strong>aun&#39;btis</strong></span> 
     </span>
     <span class='ocr_line' id='line_1_25' title="bbox 55 3219 1205 3322; baseline 0.002 -30"><span class='ocrx_word' id='word_1_183' title='bbox 55 3222 205 3296; x_wconf 88' lang='lat' dir='ltr'><strong>oculisve</strong></span> <span class='ocrx_word' id='word_1_184' title='bbox 235 3239 443 3320; x_wconf 90' lang='lat' dir='ltr'><strong>competere.</strong></span> <span class='ocrx_word' id='word_1_185' title='bbox 494 3221 693 3296; x_wconf 90' lang='lat' dir='ltr'><strong>Victoribus</strong></span> <span class='ocrx_word' id='word_1_186' title='bbox 725 3238 759 3294; x_wconf 91' lang='lat' dir='ltr'><strong>et</strong></span> <span class='ocrx_word' id='word_1_187' title='bbox 790 3220 887 3295; x_wconf 91' lang='lat' dir='ltr'><strong>victis</strong></span> <span class='ocrx_word' id='word_1_188' title='bbox 918 3219 1011 3294; x_wconf 89' lang='lat' dir='ltr'><strong>idem</strong></span> <span class='ocrx_word' id='word_1_189' title='bbox 1043 3221 1205 3322; x_wconf 82' lang='lat' dir='ltr'><strong>impetus.</strong></span> 
     </span>
     <span class='ocr_line' id='line_1_26' title="bbox 54 3332 1204 3436; baseline 0.009 -31"><span class='ocrx_word' id='word_1_190' title='bbox 54 3332 105 3407; x_wconf 86' lang='lat' dir='ltr'><strong>llll</strong></span> <span class='ocrx_word' id='word_1_191' title='bbox 121 3339 246 3412; x_wconf 89' lang='lat' dir='ltr'><strong>ardent</strong></span> <span class='ocrx_word' id='word_1_192' title='bbox 262 3357 394 3411; x_wconf 89' lang='lat' dir='ltr'><strong>veteres</strong></span> <span class='ocrx_word' id='word_1_193' title='bbox 409 3338 447 3412; x_wconf 91' lang='lat' dir='ltr'><strong>in</strong></span> <span class='ocrx_word' id='word_1_194' title='bbox 461 3335 606 3412; x_wconf 86' lang='lat' dir='ltr'><strong>invisam</strong></span> <span class='ocrx_word' id='word_1_195' title='bbox 627 3355 770 3436; x_wconf 82' lang='lat' dir='ltr'><strong>gentem</strong></span> <span class='ocrx_word' id='word_1_196' title='bbox 791 3335 858 3410; x_wconf 89' lang='lat' dir='ltr'><strong>iras</strong></span> <span class='ocrx_word' id='word_1_197' title='bbox 880 3334 1045 3434; x_wconf 82' lang='lat' dir='ltr'><strong>explere:</strong></span> <span class='ocrx_word' id='word_1_198' title='bbox 1070 3336 1204 3421; x_wconf 81' lang='lat' dir='ltr'><strong>accensi</strong></span> 
     </span>
    </p>
   </div>
   <div class='ocr_carea' id='block_1_4' title="bbox 57 3643 1318 4449">
    <p class='ocr_par' dir='ltr' id='par_1_4' title="bbox 57 3643 1202 4048">
     <span class='ocr_line' id='line_1_27' title="bbox 94 3643 1201 3726; baseline 0 -21"><span class='ocrx_word' id='word_1_199' title='bbox 94 3645 103 3672; x_wconf 91' lang='lat'>¹</span> <span class='ocrx_word' id='word_1_200' title='bbox 126 3645 153 3705; x_wconf 81' lang='grc' dir='ltr'><em>Ε</em></span> <span class='ocrx_word' id='word_1_201' title='bbox 177 3647 255 3705; x_wconf 77' lang='lat' dir='ltr'><strong>turri</strong></span> <span class='ocrx_word' id='word_1_202' title='bbox 278 3644 415 3703; x_wconf 74' lang='lat' dir='ltr'><strong>Antonia,</strong></span> <span class='ocrx_word' id='word_1_203' title='bbox 442 3646 518 3726; x_wconf 77' lang='lat' dir='ltr'><strong>Ergo</strong></span> <span class='ocrx_word' id='word_1_204' title='bbox 542 3666 599 3704; x_wconf 89' lang='lat' dir='ltr'><strong>non</strong></span> <span class='ocrx_word' id='word_1_205' title='bbox 654 3663 731 3716; x_wconf 81' lang='lat' dir='ltr'><strong>sum,</strong></span> <span class='ocrx_word' id='word_1_206' title='bbox 758 3656 787 3703; x_wconf 91' lang='lat' dir='ltr'><strong>et</strong></span> <span class='ocrx_word' id='word_1_207' title='bbox 813 3645 1014 3724; x_wconf 85' lang='lat' dir='ltr'><strong>appellabatur</strong></span> <span class='ocrx_word' id='word_1_208' title='bbox 1039 3643 1201 3708; x_wconf 79' lang='lat' dir='ltr'><strong>sancium:</strong></span> 
     </span>
     <span class='ocr_line' id='line_1_28' title="bbox 59 3726 1201 3795; baseline 0.005 -13"><span class='ocrx_word' id='word_1_209' title='bbox 59 3736 113 3788; x_wconf 88' lang='lat' dir='ltr'><strong>tota</strong></span> <span class='ocrx_word' id='word_1_210' title='bbox 126 3729 256 3786; x_wconf 74' lang='lat' dir='ltr'><strong>funditus</strong></span> <span class='ocrx_word' id='word_1_211' title='bbox 270 3745 380 3795; x_wconf 78' lang='lat' dir='ltr'><strong>eversa3</strong></span> <span class='ocrx_word' id='word_1_212' title='bbox 402 3727 460 3794; x_wconf 86' lang='lat' dir='ltr'><strong>sed,</strong></span> <span class='ocrx_word' id='word_1_213' title='bbox 477 3739 509 3784; x_wconf 91' lang='lat' dir='ltr'><strong>ut</strong></span> <span class='ocrx_word' id='word_1_214' title='bbox 523 3729 598 3787; x_wconf 90' lang='lat' dir='ltr'><strong>vide·</strong></span> <span class='ocrx_word' id='word_1_215' title='bbox 639 3729 696 3784; x_wconf 87' lang='lat' dir='ltr'><strong>-ibi</strong></span> <span class='ocrx_word' id='word_1_216' title='bbox 712 3731 850 3784; x_wconf 82' lang='lat' dir='ltr'><strong>Sanctum</strong></span> <span class='ocrx_word' id='word_1_217' title='bbox 864 3727 1046 3786; x_wconf 80' lang='lat' dir='ltr'><strong>Sanctorum.</strong></span> <span class='ocrx_word' id='word_1_218' title='bbox 1087 3727 1132 3786; x_wconf 81' lang='lat' dir='ltr'><strong>De</strong></span> <span class='ocrx_word' id='word_1_219' title='bbox 1144 3726 1201 3788; x_wconf 85' lang='lat' dir='ltr'><strong>hoc</strong></span> 
     </span>
     <span class='ocr_line' id='line_1_29' title="bbox 57 3805 1202 3886; baseline 0.003 -22"><span class='ocrx_word' id='word_1_220' title='bbox 57 3819 110 3877; x_wconf 86' lang='lat' dir='ltr'><strong>tur,</strong></span> <span class='ocrx_word' id='word_1_221' title='bbox 129 3829 192 3886; x_wconf 81' lang='lat' dir='ltr'><strong>pars</strong></span> <span class='ocrx_word' id='word_1_222' title='bbox 206 3809 305 3885; x_wconf 86' lang='lat' dir='ltr'><strong>aliqua</strong></span> <span class='ocrx_word' id='word_1_223' title='bbox 317 3821 435 3864; x_wconf 84' lang='lat' dir='ltr'><strong>servata.</strong></span> <span class='ocrx_word' id='word_1_224' title='bbox 471 3809 516 3866; x_wconf 82' lang='lat' dir='ltr'><strong>De</strong></span> <span class='ocrx_word' id='word_1_225' title='bbox 535 3811 597 3884; x_wconf 85' lang='lat' dir='ltr'><strong>ejus</strong></span> <span class='ocrx_word' id='word_1_226' title='bbox 656 3807 763 3882; x_wconf 88' lang='lat' dir='ltr'><strong>templo</strong></span> <span class='ocrx_word' id='word_1_227' title='bbox 771 3805 887 3884; x_wconf 89' lang='lat' dir='ltr'><strong>Josepb.</strong></span> <span class='ocrx_word' id='word_1_228' title='bbox 900 3805 970 3864; x_wconf 81' lang='lat' dir='ltr'><strong>ssell.</strong></span> <span class='ocrx_word' id='word_1_229' title='bbox 980 3805 998 3863; x_wconf 87' lang='lat' dir='ltr'>J</span> <span class='ocrx_word' id='word_1_230' title='bbox 1002 3807 1049 3864; x_wconf 90' lang='lat' dir='ltr'><strong>ud.</strong></span> <span class='ocrx_word' id='word_1_231' title='bbox 1060 3813 1124 3867; x_wconf 76' lang='grc' dir='ltr'><strong>ν.5.</strong></span> <span class='ocrx_word' id='word_1_232' title='bbox 1136 3825 1164 3866; x_wconf 91' lang='lat' dir='ltr'><strong>n.</strong></span> <span class='ocrx_word' id='word_1_233' title='bbox 1173 3815 1202 3867; x_wconf 78' lang='lat'><strong>4.</strong></span> 
     </span>
     <span class='ocr_line' id='line_1_30' title="bbox 59 3881 1199 3977; baseline 0.001 -33"><span class='ocrx_word' id='word_1_234' title='bbox 59 3891 249 3966; x_wconf 81' lang='lat' dir='ltr'><strong>magnitudine</strong></span> <span class='ocrx_word' id='word_1_235' title='bbox 257 3890 367 3946; x_wconf 89' lang='lat' dir='ltr'><strong>dictum</strong></span> <span class='ocrx_word' id='word_1_236' title='bbox 375 3900 416 3945; x_wconf 79' lang='lat' dir='ltr'><strong>est</strong></span> <span class='ocrx_word' id='word_1_237' title='bbox 424 3907 511 3966; x_wconf 86' lang='lat' dir='ltr'><strong>supra</strong></span> <span class='ocrx_word' id='word_1_238' title='bbox 519 3889 596 3948; x_wconf 87' lang='lat' dir='ltr'><strong>Hist.</strong></span> <span class='ocrx_word' id='word_1_239' title='bbox 654 3887 737 3950; x_wconf 67' lang='grc' dir='ltr'><strong>Αὐτὸς</strong></span> <span class='ocrx_word' id='word_1_240' title='bbox 758 3881 805 3944; x_wconf 61' lang='grc' dir='ltr'><em>ἳό</em></span> <span class='ocrx_word' id='word_1_241' title='bbox 822 3891 884 3954; x_wconf 65' lang='lat' dir='ltr'><strong>vale,</strong></span> <span class='ocrx_word' id='word_1_242' title='bbox 906 3885 976 3944; x_wconf 71' lang='lat' dir='ltr'><strong>usal</strong></span> <span class='ocrx_word' id='word_1_243' title='bbox 995 3882 1068 3977; x_wconf 64' lang='lat' dir='ltr'><strong>pins</strong></span> <span class='ocrx_word' id='word_1_244' title='bbox 1084 3885 1199 3962; x_wconf 62' lang='lat' dir='ltr'><strong>alpurc.</strong></span> 
     </span>
     <span class='ocr_line' id='line_1_31' title="bbox 61 3962 1200 4048; baseline 0.003 -24"><span class='ocrx_word' id='word_1_245' title='bbox 61 3971 283 4030; x_wconf 78' lang='lat' dir='ltr'><strong>r.11.not.lnf.</strong></span> <span class='ocrx_word' id='word_1_246' title='bbox 654 3962 850 4048; x_wconf 64' lang='lat' dir='ltr'><strong>slalyaorltgls.</strong></span> <span class='ocrx_word' id='word_1_247' title='bbox 885 3967 1200 4046; x_wconf 84' lang='lat' dir='ltr'><strong>lnl&#39;eriortpartibujus</strong></span> 
     </span>
    </p>

    <p class='ocr_par' dir='ltr' id='par_1_5' title="bbox 58 4043 1318 4449">
     <span class='ocr_line' id='line_1_32' title="bbox 94 4043 1200 4129; baseline -0.001 -21"><span class='ocrx_word' id='word_1_248' title='bbox 94 4043 233 4109; x_wconf 77' lang='lat' dir='ltr'><strong>²Diat&#39;no</strong></span> <span class='ocrx_word' id='word_1_249' title='bbox 255 4052 371 4129; x_wconf 83' lang='lat' dir='ltr'><strong>quodam</strong></span> <span class='ocrx_word' id='word_1_250' title='bbox 399 4049 511 4125; x_wconf 81' lang='lat' dir='ltr'><strong>impetu.</strong></span> <span class='ocrx_word' id='word_1_251' title='bbox 545 4048 597 4107; x_wconf 90' lang='lat' dir='ltr'><strong>Jo·</strong></span> <span class='ocrx_word' id='word_1_252' title='bbox 654 4049 754 4126; x_wconf 84' lang='lat' dir='ltr'><strong>templi</strong></span> <span class='ocrx_word' id='word_1_253' title='bbox 775 4049 912 4125; x_wconf 81' lang='lat' dir='ltr'><strong>appositoe</strong></span> <span class='ocrx_word' id='word_1_254' title='bbox 931 4057 1010 4106; x_wconf 86' lang='lat' dir='ltr'><strong>crant</strong></span> <span class='ocrx_word' id='word_1_255' title='bbox 1031 4049 1121 4108; x_wconf 79' lang='lat' dir='ltr'><strong>cellae.</strong></span> <span class='ocrx_word' id='word_1_256' title='bbox 1148 4048 1200 4109; x_wconf 86' lang='lat' dir='ltr'><strong>Jo-</strong></span> 
     </span>
     <span class='ocr_line' id='line_1_33' title="bbox 59 4127 1318 4266; baseline -0.001 -84"><span class='ocrx_word' id='word_1_257' title='bbox 59 4127 132 4203; x_wconf 85' lang='lat' dir='ltr'><strong>sepb.</strong></span> <span class='ocrx_word' id='word_1_258' title='bbox 152 4133 208 4230; x_wconf 42' lang='lat'><strong>¹1⁰⁹</strong></span> <span class='ocrx_word' id='word_1_259' title='bbox 221 4131 271 4191; x_wconf 88' lang='lat' dir='ltr'><strong>cit.</strong></span> <span class='ocrx_word' id='word_1_260' title='bbox 292 4153 320 4191; x_wconf 88' lang='lat' dir='ltr'><strong>n.</strong></span> <span class='ocrx_word' id='word_1_261' title='bbox 335 4137 364 4188; x_wconf 83' lang='lat'><strong>5.</strong></span> <span class='ocrx_word' id='word_1_262' title='bbox 386 4127 512 4204; x_wconf 64' lang='lat' dir='ltr'><strong>barpm‘p</strong></span> <span class='ocrx_word' id='word_1_263' title='bbox 531 4127 598 4208; x_wconf 62' lang='lat' dir='ltr'><strong>3ng</strong></span> <span class='ocrx_word' id='word_1_264' title='bbox 654 4130 733 4240; x_wconf 68' lang='lat' dir='ltr'><strong>seph.</strong></span> <span class='ocrx_word' id='word_1_265' title='bbox 749 4129 819 4218; x_wconf 83' lang='lat' dir='ltr'><strong>ibid.</strong></span> <span class='ocrx_word' id='word_1_266' title='bbox 834 4147 862 4184; x_wconf 91' lang='lat' dir='ltr'><strong>n.</strong></span> <span class='ocrx_word' id='word_1_267' title='bbox 878 4133 943 4264; x_wconf 51' lang='lat'><strong>⁵⁸7.</strong></span> <span class='ocrx_word' id='word_1_268' title='bbox 1081 4207 1099 4266; x_wconf 70' lang='lat' dir='ltr'>b</span> <span class='ocrx_word' id='word_1_269' title='bbox 1307 4213 1318 4222; x_wconf 80' lang='lat'><strong>.</strong></span> 
     </span>
     <span class='ocr_line' id='line_1_34' title="bbox 58 4207 1199 4369; baseline 0.002 -23"><span class='ocrx_word' id='word_1_270' title='bbox 58 4227 241 4350; x_wconf 41' lang='lat' dir='ltr'><strong>f‘&#39;lxiiidie“</strong></span> <span class='ocrx_word' id='word_1_271' title='bbox 252 4292 401 4369; x_wconf 83' lang='lat' dir='ltr'><strong>Templum.</strong></span> <span class='ocrx_word' id='word_1_272' title='bbox 441 4290 595 4368; x_wconf 85' lang='lat' dir='ltr'><strong>Templum</strong></span> <span class='ocrx_word' id='word_1_273' title='bbox 653 4208 831 4347; x_wconf 56' lang='lat' dir='ltr'><strong>,luilsvtdnii</strong></span> <span class='ocrx_word' id='word_1_274' title='bbox 841 4215 964 4346; x_wconf 45' lang='grc' dir='ltr'><strong>ἔξω·</strong></span> <span class='ocrx_word' id='word_1_275' title='bbox 993 4207 1080 4288; x_wconf 55' lang='lat' dir='ltr'>Joaep</span> <span class='ocrx_word' id='word_1_276' title='bbox 1103 4208 1199 4269; x_wconf 44' lang='lat' dir='ltr'><strong>&#39;Bell&#39;</strong></span> 
     </span>
     <span class='ocr_line' id='line_1_35' title="bbox 60 4363 1177 4449; baseline 0.005 -29"><span class='ocrx_word' id='word_1_277' title='bbox 60 4363 128 4426; x_wconf 88' lang='lat' dir='ltr'><strong>illud</strong></span> <span class='ocrx_word' id='word_1_278' title='bbox 141 4384 197 4428; x_wconf 82' lang='lat' dir='ltr'><strong>erat</strong></span> <span class='ocrx_word' id='word_1_279' title='bbox 212 4375 374 4434; x_wconf 84' lang='lat' dir='ltr'><strong>ittsecundo</strong></span> <span class='ocrx_word' id='word_1_280' title='bbox 386 4372 492 4449; x_wconf 86' lang='lat' dir='ltr'><strong>templu</strong></span> <span class='ocrx_word' id='word_1_281' title='bbox 502 4372 597 4429; x_wconf 86' lang='lat' dir='ltr'><strong>inclu·</strong></span> <span class='ocrx_word' id='word_1_282' title='bbox 693 4366 703 4402; x_wconf 82' lang='lat'><em>⁵</em></span> <span class='ocrx_word' id='word_1_283' title='bbox 729 4369 802 4431; x_wconf 81' lang='lat' dir='ltr'><strong>Voce</strong></span> <span class='ocrx_word' id='word_1_284' title='bbox 813 4387 956 4448; x_wconf 79' lang='lat' dir='ltr'><strong>manuque.</strong></span> <span class='ocrx_word' id='word_1_285' title='bbox 975 4368 1094 4448; x_wconf 75' lang='lat' dir='ltr'><strong>ioseph.</strong></span> <span class='ocrx_word' id='word_1_286' title='bbox 1106 4367 1177 4427; x_wconf 88' lang='lat' dir='ltr'><strong>ibid.</strong></span> 
     </span>
    </p>
   </div>
   <div class='ocr_carea' id='block_1_5' title="bbox 0 0 1467 4950">
    <p class='ocr_par' dir='ltr' id='par_1_6' title="bbox 0 0 1467 4950">
     <span class='ocr_line' id='line_1_36' title="bbox 0 0 1467 4950; baseline 0 0"><span class='ocrx_word' id='word_1_287' title='bbox 0 0 1467 4950; x_wconf 95' lang='lat' dir='ltr'><strong> </strong></span> 
     </span>
    </p>
   </div>
  </div>
 </body>
</html>
