2859 4950
128 303 147 315 ⁸
192 351 255 411 sn
275 350 352 410 nin
373 348 430 414 un
452 346 636 411 uoursus
658 350 975 413 onnusuouuur.
1103 360 1165 426 svo

20 500 161 588 elegavit.
210 501 265 567 Sic
285 500 417 587 imperio
439 498 585 567 Romano
597 500 646 567 rel
667 502 724 567 sud
743 502 775 567 in
794 502 881 567 ruini
894 502 992 567 defuit
1007 501 1060 568 illa
1073 504 1162 570 clari·

20 638 52 696 rs,
68 616 139 699 qud
155 612 255 699 vulgd
269 614 382 679 cadunt
393 612 540 699 imperia3
562 610 751 700 ultimusque
764 614 831 702 ejus
843 612 995 701 Princeps
1009 616 1083 681 virit
1097 640 1160 683 sure

20 726 147 811 ignitati
162 747 285 812 suoque
297 724 428 811 imperio
441 738 605 810 superstes.

39 834 83 901 ln
96 834 165 900 hac
181 835 322 903 faeditate
336 837 481 902 sordebat
495 833 596 916 ltalia,
613 835 684 901 chm
705 836 828 902 undem
852 834 1030 913 melioribus
1046 838 1162 905 diutur-

20 946 213 1034 ioribusque
227 945 381 1032 auspiciis,
392 970 472 1012 anuo
485 948 519 1015 J.
535 946 576 1013 C.
592 955 666 1013 800.
688 946 853 1033 imperium
875 948 1007 1015 restituit
1029 948 1161 1017 Germa·

20 1080 112 1123 orum
127 1057 257 1142 sanguis
272 1042 626 1146 Francorumquedecus
642 1078 836 1123 canorus
861 1079 889 1123 u
903 1080 1052 1138 servvs,
1078 1080 1159 1129 rrva

28 1190 104 1236 nur
115 1191 143 1235 x
171 1190 198 1234 A
208 1188 410 1235 vovsrvs.
438 1168 548 1235 Tanta
562 1170 668 1257 gloria
684 1172 878 1236 fundamenta
887 1185 1029 1255 posuerat
1044 1170 1162 1237 Clodo-

20 1304 73 1347 eus
88 1278 240 1367 Magnus
256 1280 353 1347 victor
365 1280 559 1347 fortissimus.

39 1392 177 1466 Quibus
194 1405 298 1458 autem
309 1393 483 1473 virtutibus,
494 1393 556 1480 qud
568 1393 765 1459 consiliorum
776 1392 805 1457 vi
821 1394 902 1459 lacta
912 1393 951 1459 sit
965 1406 1048 1459 tants
1058 1418 1161 1461 rerurn

20 1503 135 1570 rutatio
152 1506 248 1591 jurat
269 1525 308 1570 ex
330 1504 401 1588 ipsd
419 1503 545 1569 victrice
560 1518 652 1590 gente
665 1506 795 1583 discere,
818 1528 886 1591 quae
910 1504 974 1569 sine
995 1509 1161 1571 verborum

20 1615 166 1683 mociuiis
186 1638 251 1681 sue
271 1612 377 1700 gloriae
390 1638 496 1681 causas
517 1630 550 1683 et
568 1617 768 1683 instrumenta
789 1616 933 1681 nobiliter
945 1616 1110 1701 explicavit
1130 1620 1162 1685 in

20 1728 190 1793 rrefatione
215 1724 310 1811 Legis
332 1725 461 1792 Salinae:
483 1725 568 1791 illam
591 1731 648 1793 sub
668 1726 806 1793 omnium
822 1726 919 1792 oculis
942 1728 1052 1814 subjici
1074 1726 1180 1796 tanto'

20 1839 118 1903 ratius
132 1859 207 1903 ease
220 1838 325 1916 debet,
338 1850 452 1925 quanto
466 1838 563 1903 rarius
575 1851 621 1903 est
635 1838 916 1924 praestantissimum
938 1838 1013 1904 illud
1032 1840 1163 1927 antiqui·

20 1950 71 2016 rtis
85 1960 330 2015 monumentum
348 1952 389 2019 ab
403 1949 478 2035 ipsis
491 1948 561 2015 viris
574 1950 708 2015 historiae
727 1949 939 2016 eruditionisve
952 1950 1081 2017 curiosis
1099 1950 1162 2039 legi

21 2074 55 2125 ut
82 2061 214 2148 inspici.
257 2058 383 2127 “Gens
408 2060 597 2127 Francorum
621 2059 743 2145 inclyta,
772 2073 895 2126 auctore
925 2060 999 2127 Deo
1027 2064 1161 2143 condita,

20 2172 90 2237 ortis
104 2171 140 2237 in
161 2172 269 2251 armis,
290 2172 378 2237 firma
399 2170 486 2258 pacis
510 2172 635 2251 laedere,
657 2172 809 2257 profunda
822 2170 853 2235 in
869 2171 1008 2253 consilio,
1030 2196 1161 2259 corpore

20 2283 117 2349 rabilis
142 2296 177 2349 et
202 2282 378 2363 incolumis,
398 2285 530 2349 candore
550 2296 584 2349 et
607 2282 709 2348 forma
733 2284 863 2367 egregia,
885 2286 995 2363 audax,
1019 2284 1108 2351 velox
1130 2296 1163 2351 et

20 2414 124 2480 spera,
146 2416 251 2482 nuper
272 2395 312 2460 ad
330 2392 524 2461 catholicam
545 2394 640 2461 fidem
653 2417 810 2476 conversa,
834 2396 976 2461 immunis
991 2398 1030 2461 ab
1045 2396 1160 2463 haeresi.
1216 2418 1218 2423 ·

21 2503 95 2572 >um
119 2509 227 2574 adhuc
241 2519 391 2574 teneretur
405 2507 554 2588 barbarie,
576 2507 742 2594 inspirante
759 2505 833 2572 Deo
853 2507 1006 2594 inquirens
1027 2507 1162 2576 scientie

22 2613 135 2701 lavem,
158 2618 255 2708 juxta
280 2641 401 2684 morem
434 2643 557 2686 suarum
592 2619 772 2707 qualitatum
801 2618 973 2684 desiderans
995 2619 1160 2706 justitiam,

25 2731 186 2797 ustodiens
208 2728 368 2816 pietatem,
393 2731 583 2797 dictaverunt
606 2705 741 2798 Salicain
764 2729 883 2817 Legem
903 2753 1046 2816 proceres
1065 2730 1161 2816 ipsius

24 2841 118 2923 entis,
141 2843 199 2931 qui
214 2854 288 2908 tunc
303 2843 451 2930 temporis
464 2844 548 2930 apud
562 2844 701 2909 eamdem
714 2855 800 2908 erant
814 2853 965 2907 rectores·
976 2876 987 2897 ·
998 2876 1007 2896 ·
1020 2843 1080 2908 ·At
1095 2843 1161 2922 ubi,

25 2949 83 3018 )eo
96 2955 237 3035 favente,
260 2951 436 3020 Clodoreus
447 2967 588 3022 comatus
602 2967 635 3020 et
648 2953 785 3040 pulcher,
801 2964 832 3019 et
853 2951 984 3037 inclytus
999 2976 1051 3019 rex
1066 2952 1162 3018 Fran·

27 3084 116 3129 orum
130 3065 266 3151 primus,
288 3065 406 3150 recepit
420 3065 618 3132 Catholicum
633 3066 832 3152 baptismum,
854 3063 1001 3152 quidquid
1015 3064 1116 3130 minda
1131 3064 1162 3128 in

27 3173 109 3242 lacto
121 3178 298 3242 habebatur
311 3177 466 3256 idoneum,
478 3201 534 3264 per
543 3175 706 3264 praecelsos
714 3199 801 3261 reges
815 3174 1021 3254 Clodoveum,
1037 3172 1164 3239 Childe·
1205 3233 1207 3240 .

28 3301 132 3353 ertum
159 3303 195 3355 et
224 3286 405 3354 Hlotarium
432 3289 491 3354 luit
517 3287 647 3354 lucidius
670 3289 875 3366 emendatum,
903 3298 935 3352 et
963 3297 1163 3370 procuratum

29 3393 186 3466 >emtam
199 3399 272 3465 hoc.
315 3399 416 3485 Vivat,
428 3401 482 3488 qui
494 3401 631 3466 Francos
640 3399 740 3485 diligit
754 3397 906 3478 Christus,
915 3419 1023 3462 eorum
1035 3415 1162 3480 regnum

32 3513 177 3594 ustodiat,
191 3522 225 3576 et
237 3523 371 3576 rectores
383 3513 423 3578 de
436 3512 552 3578 lumine
564 3535 627 3580 sue
640 3511 746 3599 gratie
764 3508 889 3596 repleat,
905 3503 1074 3574 crdrcitum
1090 3527 1162 3590 pro·

31 3633 105 3703 agat,
117 3620 193 3688 fidei
206 3635 405 3688 monumenta
418 3625 542 3705 tribuat,
557 3625 641 3709 pacis
655 3622 767 3711 gaudia
781 3635 814 3686 et
823 3619 1010 3700 felicitatem,
1023 3631 1163 3702 tempora

32 3731 237 3802 trutinandum
249 3730 405 3800 Dominus
419 3733 560 3820 Qhristus
572 3735 666 3802 ‚lesus
680 3733 794 3822 pictate
806 3731 970 3798 conducat.
1014 3727 1095 3794 Hoc
1116 3741 1164 3792 est

34 3839 94 3906 nim
114 3867 202 3930 gena,
224 3844 394 3931 quaefortis
417 3847 492 3912 dum
517 3860 598 3913 esset
620 3858 652 3912 et
679 3847 792 3912 robore
817 3842 925 3924 valida,
948 3840 1161 3906 Romanorum

34 3973 121 4036 tuum
135 3955 332 4025 durissimum
346 3956 385 4022 de
395 3957 458 4023 suis
467 3959 636 4026 cervicibus
646 3955 779 4024 excussit
790 3955 972 4044 pugnand03
986 3966 1077 4039 atque
1091 3962 1163 4036 post

35 4064 203 4146 tuitionem
222 4067 377 4155 baptismi,
397 4084 572 4137 sanctorum
585 4067 762 4154 Martyrum
781 4089 922 4152 corpora,
944 4085 1013 4152 que
1028 4059 1163 4128 Romani

36 4189 87 4257 tue
100 4193 324 4263 cremaverunt,
345 4179 394 4246 rel
408 4182 489 4247 terro
503 4180 737 4264 trucidaverunt,
755 4189 977 4256 truncaverunt,
991 4185 1044 4239 aut
1057 4171 1162 4238 bestiis

37 4291 177 4376 tceranm
195 4295 403 4383 projecerunt,
421 4293 579 4362 sumtuoal
601 4316 676 4362 auro
689 4307 721 4360 et
739 4289 893 4378 lapidibus
913 4285 1053 4376 pretiosis
1073 4302 1162 4352 error·

38 4401 128 4462 ant.”
