2859 4950
322 314 532 388 ntat'oous
554 330 610 389 nu
631 330 904 391 ona‘rontntu.
1127 336 1185 404 149

47 479 175 569 nouis,¹
200 494 234 553 et
248 479 433 557 incivitate
450 483 590 557 minimi
607 482 806 559 favorabili²
823 500 936 573 natus,
951 499 1183 582 -quaesturam,

46 614 97 669 aut
121 594 356 689 tribunatum,¹
381 617 440 673 aut
465 620 652 698 praeturam
673 601 811 697 accepi:
838 599 946 698 quim
961 624 1034 689 eos,
1060 599 1185 697 quibus

48 710 133 801 mihi,
158 737 224 809 pro
246 715 482 811 mediocritate
508 716 610 815 hujus
636 717 963 815 quantulaecumque
984 714 1189 789 indicendo
1234 728 1240 745 '

47 824 218 917 facultatis,
242 848 301 903 aut
317 833 596 930 reumprosperb
624 832 824 922 defendere,
848 849 907 905 aut
923 832 1014 929 apud
1032 849 1185 906 centum·

47 942 149 1017 tirou4
176 968 314 1018 causam
338 945 487 1045 aliquam
503 947 646 1022 feliciter
663 974 775 1038 orare,
801 965 860 1020 aut
882 948 975 1045 apud
990 947 1185 1045 Principem

47 1058 124 1154 ipcoc
140 1060 221 1134 illos
237 1061 376 1135 libertos
393 1080 427 1135 et
442 1081 681 1161 procuratores
698 1063 898 1161 Principum
914 1062 1003 1138 tueri
1019 1079 1053 1135 et
1068 1059 1184 1136 defen·

46 1175 113 1248 dere
140 1176 253 1248 datur.
304 1180 398 1249 Tum
426 1178 509 1251 mihi
538 1204 641 1274 supra
666 1180 871 1268 tribunatu,
896 1197 931 1253 et
956 1196 1123 1277 praeturns
1148 1196 1184 1253 et

46 1292 231 1365 consulatus
246 1296 451 1367 ascendere⁵
468 1294 601 1385 videor,
617 1312 691 1368 tum
710 1290 864 1387 habere,⁶
883 1297 978 1392 quod
993 1295 1030 1367 in
1044 1319 1096 1383 se,
1110 1316 1184 1369 non
1210 1312 1216 1340 ‘

42 1406 164 1497 inalio,
188 1409 311 1498 oritur,
336 1435 399 1483 nec
417 1412 602 1484 codicillis⁷
630 1413 744 1500 datur,
768 1436 833 1484 nec
849 1436 931 1484 cum
947 1409 1057 1508 gratii
1078 1409 1182 1482 venit.
1205 1422 1234 1457 ⁸

43 1528 125 1619 Qnae
141 1521 233 1597 fama
245 1542 279 1597 et
290 1526 362 1597 laus
375 1528 522 1625 cujusvis
538 1527 617 1601 artis
630 1550 712 1600 cum
724 1542 902 1600 oratorum
917 1524 1030 1623 glorii
1046 1509 1183 1623 compa-

40 1641 138 1713 rande
153 1658 215 1729 est,
233 1642 292 1739 qui
308 1666 380 1713 non
396 1642 543 1721 illustres
555 1643 590 1715 in
608 1646 708 1715 Urbe
726 1643 843 1715 solum
859 1642 951 1737 apud
967 1638 1182 1738 negotiosos⁸

39 1772 72 1827 et
97 1759 195 1830 rebus
222 1758 382 1849 intentos,
407 1762 467 1833 sed
495 1760 595 1833 etiam
617 1762 710 1856 apud
722 1761 867 1858 juvenes
883 1773 918 1829 et
934 1756 1180 1847 adolescentes,

38 1870 153 1967 quibus
170 1874 279 1947 modb
296 1892 388 1947 recta
401 1892 434 1947 et
443 1875 576 1949 indoles
592 1892 656 1963 est,
667 1892 700 1947 et
711 1876 804 1947 bona
819 1898 897 1970 spes
910 1870 987 1945 sui?
1015 1874 1179 1967 Quorum

39 2213 67 2253 11.
81 2197 133 2275 Ep.
148 2203 176 2265 9.
218 2198 282 2277 Ego
305 2198 390 2257 Serto
413 2202 499 2259 latam
522 2204 578 2259 cta·
627 2200 728 2277 cipuns
741 2195 958 2257 centumvitales
972 2212 1073 2252 cousus
1085 2211 1180 2251 recen·

36 2278 119 2334 tund
134 2278 242 2336 Curare
265 2289 370 2350 nostro,
391 2302 442 2359 ega
462 2292 577 2357 quattu·
625 2294 667 2337 set
681 2281 794 2347 Cicero,
807 2279 843 2335 de
854 2277 937 2333 Orat.
951 2292 973 2332 1.
988 2279 1039 2332 38.
1077 2272 1179 2331 lacta·

36 2378 86 2413 ram
104 2359 267 2435 impetravi:
291 2382 348 2419 neu
361 2382 392 2419 uu
417 2362 497 2439 ragio
512 2382 578 2437 per-
627 2382 658 2419 re
680 2382 709 2417 re
723 2361 752 2417 in
765 2357 855 2418 cautu
877 2354 1128 2422 centumviralibus,
1149 2355 1178 2411 in
1201 2394 1211 2405 .

38 2440 103 2494 teuit
130 2442 168 2498 ad
183 2443 238 2516 jus
262 2438 423 2499 tribunuttit
453 2444 576 2519 petendi,
627 2434 1180 2518 qttiltustrsttcapiouum,tutelarumgea·

36 2541 103 2594 quoa
123 2521 176 2579 nisi
193 2523 297 2578 obtinet
310 2523 338 2578 ia
351 2531 459 2594 uenatu,
480 2541 578 2580 uereor
626 2523 772 2586 tilitataur,
793 2517 982 2593 agnationum,
999 2514 1176 2576 alluvionum,

35 2619 62 2656 re
75 2601 208 2676 decepture
221 2601 354 2660 Curarem
369 2603 475 2662 uidear.
627 2599 881 2666 cirruraluvionum,
909 2613 1048 2664 nexorum,
1075 2593 1179 2657 manci?

623 2683 742 2758 piarunt,
760 2678 909 2757 parietum,
935 2676 1076 2745 luminum,
1094 2673 1180 2731 uitta·-

71 2759 302 2820 ¹Homonotat.
343 2763 434 2837 Cujus
456 2763 575 2838 majores
626 2761 1009 2830 cidiarum,tettamentarum
1023 2763 1179 2832 ruptorum,

35 2843 150 2899 nondum
164 2842 365 2900 inclaruerunt.
625 2852 675 2900 aut
696 2848 832 2910 ratmunt,
858 2847 1065 2914 ceterarumque
1084 2855 1177 2894 rerum

68 2917 82 2945 ²
110 2923 227 2980 trinitat
243 2922 414 3000 fittorabili.
462 2923 572 2982 ,lulium
626 2921 1104 2994 innumerabiliumjaravereantur.
1124 2915 1177 2973 Ju-

36 3004 198 3074 lecnntlum,
219 3002 381 3060 Curiatium
401 3003 574 3072 Maternum,
625 2999 692 3060 uicit
714 2999 928 3059 centumviralis
949 2997 1059 3055 illustro
1081 3013 1177 3054 exem·

36 3095 56 3136 tt
74 3083 111 3140 ll.
126 3089 252 3160 Aprum,
274 3082 374 3139 Gallus
388 3083 471 3139 fuisse
486 3085 579 3154 manig
623 3083 704 3160 plum
720 3083 805 3139 habet
819 3080 936 3148 Plinius,
955 3097 1000 3135 vt.
1016 3075 1069 3153 Ep.
1084 3083 1134 3137 33.

37 3161 407 3239 littumtotexcap.10.
450 3164 572 3221 Minime
664 3160 867 3221 'Ascendere
910 3161 972 3216 Nec
993 3156 1176 3216 aliterdoli·

38 3243 570 3318 autemsat·orabiliscivitm,qtttidtntn
624 3243 708 3300 bortis
738 3243 848 3300 dictum
873 3259 960 3316 supra
983 3238 1013 3294 in
1037 3237 1113 3294 libro
1140 3237 1176 3293 de

37 3339 105 3396 penes
127 3327 272 3384 Romanos
292 3335 351 3382 erat
370 3325 461 3382 omnis
484 3325 571 3383 furor.
627 3323 757 3380 Moribus
781 3323 1000 3383 Gennanorum,
1034 3333 1099 3393 cap.
1125 3321 1175 3376 25.

36 3399 97 3464 lide
115 3425 204 3482 snpra
223 3405 406 3462 tlmrninntun
428 3405 572 3462 Marcelli·
626 3403 674 3461 Ibi
685 3404 756 3461 eain
770 3411 798 3460 et
810 3421 893 3477 super
908 3401 1040 3476 ingenuas
1053 3406 1080 3455 et
1092 3415 1176 3474 super

37 3497 101 3556 nnn,
121 3487 208 3545 modii
227 3485 377 3544 laudatum
392 3503 454 3564 cap.
470 3481 499 3543 6.
512 3499 572 3544 not.
626 3485 730 3542 nobiles
742 3483 904 3541 ascendunt.

37 3579 85 3638 ³⁰11·
666 3557 772 3621 ⁶Tum
805 3561 913 3617 labere.
955 3557 1043 3614 Hunc
1076 3555 1175 3615 locum

69 3639 283 3704 ²Trlbauatarn.
309 3645 499 3704 Tribunatum
515 3646 573 3722 ple
625 3644 746 3702 feliciter
767 3639 888 3699 restituit
911 3637 1019 3697 illustr.
1040 3637 1177 3695 noerius.

41 3721 85 3792 bis,
97 3741 128 3784 nt
140 3727 265 3804 suprain
275 3726 345 3784 Vita
357 3727 455 3801 Agric.
468 3743 530 3806 cap.
542 3721 570 3783 o'.
626 3724 701 3780 Vide
713 3736 772 3782 not.
785 3734 813 3778 et
826 3720 934 3780 emend.
949 3720 985 3776 od
999 3737 1064 3796 cap.
1077 3725 1106 3785 7.

66 3802 300 3866 *Centumriron
351 3807 373 3864 1²
376 3827 440 3865 uere
474 3807 572 3863 Rotnae
664 3799 676 3833 ⁷
705 3799 857 3861 Codicillit.
906 3799 1053 3867 Codieilli,
1085 3797 1174 3856 literar

40 3885 274 3966 trigintaquinque
290 3887 395 3944 tribus:
418 3886 570 3962 bsiugulis
624 3893 704 3941 emnt
732 3883 837 3960 quibus
861 3881 994 3956 Princeps
1023 3877 1174 3954 dignitates

40 3969 159 4040 tribubus,
193 3981 248 4028 tneo
274 3968 325 4025 riri
356 3965 569 4042 diligentiorum
623 3964 806 4040 largiebatur.
832 3963 893 4018 Hos
905 3959 1055 4020 codicillos
1067 3978 1175 4017 memo·

40 4047 76 4114 qui
88 4047 151 4106 licit
165 4049 256 4107 forent
269 4059 385 4107 eentum
395 4057 424 4104 et
434 4047 570 4124 quinque,
622 4059 665 4103 rat
679 4043 833 4102 Suetonius
846 4043 874 4098 in
886 4040 981 4098 liber.
997 4056 1079 4098 uun.

41 4129 140 4187 tantae
155 4139 248 4188 tamen
256 4127 424 4189 centumuiri
438 4127 571 4184 diceban-
662 4119 674 4154 ⁸
688 4125 723 4183 N
722 4123 867 4202 egotiotor.
889 4117 947 4180 llic
961 4119 1094 4196 negotiosi
1107 4125 1174 4176 sunt

42 4211 84 4261 lut·
122 4209 207 4267 Erant
229 4211 310 4268 dirisi
327 4209 355 4267 in
376 4221 501 4286 quatuor
522 4208 571 4264 tri·
622 4205 759 4264 homines.
800 4205 894 4279 Supra
914 4197 1019 4260 Annal.
1034 4217 1109 4258 κω.
1121 4206 1172 4260 41.
1267 4223 1275 4232 “

44 4279 150 4360 bunnia,
168 4301 195 4348 ct
213 4290 242 4348 in
263 4289 383 4348 basilici
396 4286 571 4364 Juliilcoge-
613 4287 777 4364 ‘negotiosos
810 4283 879 4348 ater,
922 4281 1026 4358 quibus
1061 4280 1174 4357 negotia

45 4361 143 4428 luntur:
158 4389 212 4428 non
225 4371 260 4428 do
272 4371 358 4440 lacto,
372 4369 420 4428 sed
436 4370 471 4427 de
483 4368 572 4444 arqui·
621 4375 806 4447 peraguntur,
825 4362 959 4423 vitinus.

44 4451 95 4518 tate,
110 4461 134 4508 et
148 4451 211 4526 jure
225 4451 457 4532 pronuntiabunt.
498 4449 573 4510 Prae·
