2859 4950
222 253 283 314 sn
303 252 380 313 us.
400 250 459 311 ns
480 248 664 311 nronrnus
685 210 1003 309 onnnsnonun.
1127 252 1188 317 srs
1309 198 1312 203 ¹

36 404 84 471 rel
108 402 401 491 expoliationem?
424 404 505 491 leg.
519 412 552 471 5.
580 402 731 491 “Siquis
753 424 872 469 serrum
887 400 1020 467 alienum
1033 410 1190 467 mortuum

36 516 241 603 expoliaverit
263 540 320 603 per
340 520 469 596 furtum,
493 528 525 582 et
546 516 646 602 spolia
668 516 736 601 ipsa
753 514 825 601 plus
847 510 941 601 qudm
963 532 1024 576 xt..
1039 512 1190 593 denarios,

37 628 170 709 valeant,
199 628 314 709 tulerit,
344 650 474 695 unns.
496 649 611 694 nunu
638 647 738 693 rnro
765 646 944 705 uosruo,
969 646 1026 691 nc.
1049 628 1118 691 den.
1136 625 1190 714 qui

37 740 156 805 faciunt
182 739 242 805 sol.
265 762 327 805 xv.
353 739 517 826 culpabilis
538 738 727 828 judicetur.''
772 736 850 822 Leg.
869 738 900 803 6.
931 736 1001 802 “Si
1029 737 1097 824 quis
1116 738 1190 803 vero

36 849 132 914 homo
166 850 317 936 ingenuus
352 851 469 915 Lidnm
496 850 629 916 alienum
664 848 876 934 expoliaverit,
916 868 1044 913 runnu.
1074 870 1188 916 tntu

40 965 452 1044 srosrno,1ucecc.den.
475 963 528 1050 qui
549 961 665 1026 fuciunt
686 960 775 1025 solid.
793 981 910 1023 xxxv.
930 958 1094 1044 culpabilis
1106 962 1191 1048 judi·

39 1074 153 1139 cetur.'’
201 1075 368 1139 Servorum
390 1075 463 1138 vero
485 1072 619 1151 nomina,
634 1094 710 1158 *quae
731 1068 840 1157 posted
861 1070 943 1154 apud
957 1070 1141 1152 Germanos,
1155 1088 1191 1141 ut

36 1196 67 1249 et
87 1185 173 1270 apud
187 1208 255 1265 nos,
276 1185 309 1250 in
328 1185 511 1271 dignitatum
532 1182 638 1249 titulos
656 1206 788 1261 evasere,
811 1180 901 1247 simul
923 1195 954 1247 et
976 1182 1074 1267 pretia
1096 1183 1190 1251 habet

40 1295 106 1360 Lex
124 1294 240 1374 Snlica,
261 1296 327 1361 Tit.
352 1318 405 1361 xt.
428 1300 502 1360 “de
526 1295 628 1361 Servis
652 1292 813 1379 mancipiis
839 1292 975 1358 furatis.''
1019 1296 1190 1385 “Siquis
1306 1337 1317 1349 ι

38 1404 210 1493 Majorem,
236 1406 286 1474 tle
296 1407 460 1488 (demoni,
489 1406 685 1486 lnfertorem‚
713 1405 765 1470 tlte
793 1390 1036 1487 house-struant,
1068 1409 1191 1475 Scanti-
1255 1464 1260 1473 .

39 1542 140 1599 onem,
172 1518 226 1583 tlte
254 1519 365 1599 britler,
402 1517 629 1598 Mariscallum,
657 1516 708 1582 tlte
738 1515 895 1596 Marthal,
931 1520 1110 1600 Stratorem,
1137 1518 1190 1587 tte

40 1628 184 1717 Esquire,
208 1630 343 1694 Febrem
366 1628 536 1707 ferrarium,
559 1628 730 1692 Aurilicem
752 1627 814 1691 sive
838 1625 1082 1713 Carpentsrinm,
1105 1630 1198 1697 Vini-⁴

40 1754 148 1820 torem,
163 1739 213 1805 rel
238 1740 431 1821 Ferrarium,
457 1739 504 1804 vel
527 1737 764 1803 Ministerialem
787 1738 939 1815 sursverit,
959 1752 1012 1803 sut
1033 1742 1192 1823 occiderit,

39 1850 85 1915 rel
99 1851 280 1931 vendiderit,
301 1851 453 1916 valentem
475 1849 531 1914 sol.
550 1871 639 1917 xxv.
668 1868 797 1914 unus.
821 1868 990 1913 rnnvon
1014 1871 1189 1921 rerem

43 1942 68 2025 ni
87 1984 190 2027 cccc.
206 1964 276 2027 den.
295 1964 349 2049 qui
368 1962 484 2027 faciunt
496 1960 554 2027 sol.
571 1983 688 2025 xxxv.
703 1958 865 2045 culpabilis
881 1960 1047 2047 judicetur,
1058 1980 1193 2051 excepto

42 2074 170 2159 capitale
184 2088 220 2141 et
240 2057 410 2139 delaturd‘?
454 2073 536 2138 Haec
558 2072 618 2137 sint
635 2071 707 2136 satis
727 2072 765 2135 de
786 2070 995 2135 conditionum
1018 2076 1191 2145 diversitate

42 2189 122 2271 apud
136 2187 323 2251 Germanos.
345 2183 425 2249 Vide
435 2182 532 2249 et-Cl.
546 2184 585 2247 de
600 2182 833 2269 Montesquieu,
849 2188 871 2220 “
884 2181 996 2267 Esprit
1011 2186 1063 2251 des
1079 2184 1192 2267 Loir,'’

43 2319 134 2363 xxx.
151 2306 207 2365 25.
247 2310 278 2361 et
301 2296 353 2363 Cl.
369 2296 501 2361 Gautier
514 2295 553 2359 de
567 2294 680 2373 Sibert‚
702 2301 724 2332 “
740 2292 914 2359 Memoires
936 2296 982 2371 de,
996 2293 1195 2367 l’Academto

42 2406 159 2494 Roynle
172 2412 232 2474 des
247 2406 478 2495 inscriptions,”
492 2404 566 2471 Vol.
582 2426 734 2473 xxxvrr.
748 2399 857 2491 psssst
874 2417 983 2494 etseq.

88 2751 179 2818 Csr.
193 2755 257 2859 p26.
282 2750 349 2818 Per
361 2754 451 2819 vires.
496 2752 544 2837 Ita
559 2752 762 2833 Puteolanus,
785 2775 821 2818 ee
836 2753 943 2818 deinde
963 2753 1055 2818 ceteri
1076 2775 1194 2820 omnes.

49 2858 148 2928 MSS.
162 2863 265 2929 Vatic.
285 2866 367 2930 1862
381 2879 414 2931 et
426 2867 523 2947 2904.
547 2879 579 2930 et
600 2865 681 2930 Cod.
699 2864 805 2950 Kapp.
818 2865 852 2929 iu
866 2865 955 2930 vices.
999 2863 1075 2931 MS.
1091 2865 1194 2932 Vstier

50 2980 141 3038 1518.
155 2988 187 3040 et
198 2975 272 3039 edit.
288 2975 369 3060 Spir.
383 2975 533 3042 urriuersis
547 2977 636 3042 vices.
680 2975 759 3040 MS.
774 2975 982 3050 Venostes.
998 2977 1072 3042 vice.
1116 2976 1195 3043 MS.

50 3078 214 3170 Bamberg.
232 3085 272 3149 nb
287 3083 437 3151 universis
449 3087 526 3152 viris
540 3072 741 3172 occupantur.

89 3192 224 3283 Ideoque
238 3196 338 3284 magis
351 3208 502 3262 servatur.
548 3198 674 3263 Frustra
694 3209 792 3262 tentat
815 3195 952 3284 Lipsius,
965 3200 1121 3286 spernitur
1140 3209 1197 3266 sut

46 3319 217 3386 spernatur.
262 3307 418 3373 Emendat
433 3308 611 3388 Salmasius,
624 3319 815 3375 aversantur.
857 3309 945 3396 ¹Ferri
959 3323 1061 3396 potest
1074 3309 1196 3396 vulgum

46 3415 203 3504 scriptura.
249 3417 376 3503 Nempe
389 3443 452 3482 non
473 3419 588 3504 agitare
602 3423 714 3500 foenus,
727 3419 758 3484 in
772 3443 877 3484 usuras
891 3444 952 3486 non
967 3423 1139 3501 extendere,
1153 3421 1196 3506 id,

46 3528 116 3592 edm
129 3528 168 3594 sit
181 3529 334 3614 ignotum,
347 3529 445 3613 magis
459 3543 606 3609 servetur,
620 3529 715 3616 qudm
730 3529 755 3594 si
771 3531 897 3596 vetitum
908 3545 998 3598 esset.
1035 3532 1088 3599 Sic
1102 3555 1197 3620 supra
1208 3523 1221 3542 ‘

48 3659 115 3721 cup.
130 3650 181 3712 19.
204 3647 224 3678 ‘⁴
239 3639 316 3704 Plus
327 3638 369 3703 ibi
385 3641 457 3704 boni
471 3663 572 3706 mores
586 3641 698 3716 valent,
709 3639 803 3728 qudm
816 3641 890 3706 alibi
903 3643 991 3708 bonae
1005 3643 1118 3728 leges.''

91 3747 204 3834 Spatia
231 3761 390 3837 prestent.
435 3749 538 3818 MSS.
568 3750 668 3816 Vatic.
693 3757 780 3825 2964
804 3765 836 3817 et
857 3762 954 3827 4498.
964 3753 1113 3839 prudent.
1157 3753 1197 3822 ln
1284 3817 1287 3823 .

50 3853 124 3922 MS.
139 3859 243 3926 vatic.
263 3868 354 3926 1518.
365 3873 534 3946 prestant.-
556 3876 588 3928 st
608 3863 757 3948 seriptum
773 3886 898 3951 quoque
912 3886 1014 3948 supra,
1025 3865 1175 3951 prebent.

92 3967 220 4037 Labore
244 3972 438 4038 ceruendum.
491 3972 570 4040 MS.
599 3974 701 4039 Vatie.
723 3975 819 4050 2964.
845 3990 876 4040 et
899 3975 1046 4043 editiones
1071 3990 1197 4056 veteres

51 4075 202 4148 laborare.
246 4081 334 4150 Bene
347 4084 451 4150 MSS.
465 4085 567 4150 Vatic.
587 4095 667 4151 1518
682 4100 714 4151 et
729 4095 824 4160 4498.
839 4111 876 4152 ae
892 4087 1067 4168 Rhenanus,
1082 4088 1198 4154 Iabere.

94 4188 362 4283 Pratoreporerrt.
406 4195 576 4262 Rhenanus
586 4209 618 4259 et
633 4195 770 4286 Lipsius,
783 4197 914 4284 sepiunt.
958 4196 1200 4266 MalletCluvr·

37 4295 122 4386 'rins
131 4316 230 4390 preto
245 4309 358 4398 rigent,-
371 4320 400 4379 er
413 4308 516 4384 tortor
529 4307 661 4396 repient.
