2859 4950
246 260 304 333 176
613 264 649 329 C.
669 260 870 329 CORNELII
889 268 1028 333 mem
1107 272 1113 279 '

240 444 306 519 est,
330 418 400 501 sive'
423 421 501 497 illos
525 418 696 520 antiquos,
720 421 793 497 sive
816 426 975 523 majores,
998 426 1071 501 sive
1086 452 1161 527 quo
1174 431 1238 507 alio
1252 432 1364 513 mavult

244 542 398 629 nomine,
422 539 590 637 appellet:
617 539 811 613 dummodo
828 538 865 611 in
880 540 1039 615 confesso
1054 543 1110 635 sit,
1129 546 1366 627 eminentiorem

246 658 387 730 illorum
419 671 616 751 temporum
649 652 880 751 eloquentiam
912 653 1028 731 fuisse.
1078 662 1135 734 Ne
1166 662 1215 736 illi
1246 666 1367 763 quidem

246 770 333 871 parti
349 770 515 843 sermonis
541 772 634 868 ejus¹
660 794 832 869 repugno,
849 769 878 843 si
894 772 1084 868 quominus
1097 774 1250 869 fatetur,²
1269 781 1368 877 plures

247 884 376 960 formas
392 884 526 962 dicendi
546 886 647 980 etiam
671 881 792 957 iisdem
815 886 951 975 seculis,
973 889 1105 963 nedum
1126 892 1278 983 diversis,
1300 896 1371 968 enti

246 1004 337 1077 tisse.
388 1002 458 1075 Sed
474 1002 653 1101 quomodb
669 1000 759 1073 inter
782 1002 917 1074 Atticos
932 1020 1085 1079 oratores
1108 1009 1229 1107 primae
1244 1010 1373 1083 Demos-

248 1118 344 1193 theni
369 1120 579 1207 tribuuntur,
612 1116 813 1215 proximum
840 1133 956 1190 autem
985 1118 1103 1195 locum
1129 1122 1319 1215 AEschines,
1345 1144 1372 1198 et

249 1235 456 1335 Hyperides,
469 1251 503 1307 et
519 1233 650 1333 Lysias,
662 1250 696 1305 et
708 1234 912 1331 Lycurgus³
928 1234 1096 1326 obtinent,
1108 1239 1264 1315 omnium
1275 1258 1373 1315 autem

248 1376 417 1425 consensu
442 1352 517 1423 haec
540 1366 716 1422 oratorum
741 1366 824 1421 aetas
845 1349 995 1421 maxime
1012 1354 1199 1447 probetur:
1226 1354 1273 1430 sic
1296 1355 1373 1453 apud

248 1490 314 1540 nos
339 1467 464 1541 Cicero
480 1466 620 1563 quidem
643 1480 776 1537 ceteros
800 1465 1003 1537 eorumdem
1027 1481 1225 1565 temporum
1249 1471 1375 1545 disenos

249 1584 446 1657 antecessit:
475 1582 604 1656 Calvus
628 1596 757 1669 autem,
773 1597 808 1653 et
824 1580 977 1671 Asinius,
993 1600 1027 1655 et
1045 1586 1176 1675 Caesar,
1193 1603 1228 1659 et
1246 1584 1375 1673 Coelius,

245 1688 285 1772 'et
309 1702 452 1787 Brutus,
475 1722 540 1770 suo
560 1700 652 1796 jure,
681 1714 716 1770 et
740 1696 924 1793 prioribus,
946 1715 981 1771 et
1008 1701 1230 1797 sequentibus
1256 1720 1377 1798 antepo

250 1833 402 1889 nuntur:
429 1838 493 1886 nec
518 1810 636 1902 refert,
671 1813 771 1909 quod
799 1812 888 1885 inter
914 1838 952 1885 se
975 1815 1088 1911 specie
1112 1813 1283 1907 differant,
1305 1818 1377 1889 citro

250 1954 377 2031 genere
406 1930 628 2003 consentiant.
679 1928 887 2003 Adstrictior
910 1929 1052 2020 Calvus,
1076 1933 1294 2006 numerosior
1315 1929 1379 2005 Asi·

251 2048 341 2138 nius,
365 2045 576 2143 splendidior
602 2047 733 2135 Caesar,
758 2045 906 2117 arnarior
921 2045 1068 2136 Coelius,
1093 2048 1232 2146 gravior
1253 2050 1380 2134 umus,

250 2162 500 2252 vehementior,
524 2178 558 2234 et
574 2160 721 2258 plenior,
737 2177 771 2232 et
787 2159 954 2234 valentior
970 2161 1119 2254 Cicer03
1142 2189 1267 2238 omnes
1280 2182 1381 2237 tamen

251 2281 408 2354 eamdem
420 2278 596 2351 sanitatem
608 2274 812 2375 eloquentiae
827 2273 983 2348 feruntt⁴
998 2293 1036 2349 ut
1052 2276 1081 2349 si
1097 2278 1256 2351 omnium
1271 2278 1382 2377 pariter

251 2398 358 2471 libros
373 2395 408 2468 in
425 2419 547 2467 manus
563 2393 736 2483 sumseris,
752 2392 850 2482 scias,
861 2390 1017 2490 quamvis
1031 2393 1068 2465 in
1084 2392 1226 2468 ditans
1241 2392 1382 2496 ingeriis,

252 2539 326 2590 esse
343 2513 528 2613 quamdam
536 2511 655 2612 judicii
670 2536 709 2586 ac
726 2511 908 2585 voluntatis
923 2511 1179 2585 similitudinem
1194 2529 1231 2586 et
1247 2509 1382 2614 cognati-

252 2655 369 2706 onem.
418 2631 512 2704 Nam
545 2623 643 2724 qubd
675 2625 822 2700 invicem
854 2651 892 2699 se
927 2629 1219 2717 obtrectaverunt,
1251 2645 1286 2702 et
1315 2642 1384 2700 sunt

253 2745 367 2844 aliqua
382 2742 531 2841 epistolis
553 2767 676 2816 eorum
696 2741 834 2832 inserta,
854 2731 1047 2840 ex'quibus
1061 2760 1184 2817 mutua
1207 2742 1385 2842 malignitas

253 2861 437 2960 detegitur,
462 2881 534 2934 non
550 2873 601 2930 est
617 2875 794 2930 oratorum
818 2857 951 2948 vitium,
975 2860 1036 2932 sed
1060 2859 1253 2933 hominum.
1303 2861 1386 2933 Nam

141 3043 145 3050 .
188 2977 190 2990 '
254 2994 289 3050 et
306 2978 468 3066 Calvum,
492 2992 526 3049 et
551 2975 724 3065 Asinium,
741 2992 776 3049 et
798 2974 912 3073 ipsum
930 2973 1136 3049 Ciceronem
1159 2978 1268 3050 credo
1283 2975 1387 3049 solitos

253 3110 288 3166 et
313 3092 478 3180 invidere,
503 3108 537 3164 et
563 3089 681 3179 livere,
705 3107 740 3163 et
762 3090 884 3164 ceteris
907 3090 1068 3164 humanae
1084 3091 1289 3164 infirmitatis
1311 3088 1386 3162 vitiis

253 3207 375 3283 adfici:
402 3207 521 3281 solum
540 3199 629 3279 inter
651 3207 715 3280 hos
736 3207 885 3280 arbitror
909 3207 1072 3297 Brutum,
1087 3230 1160 3279 non
1175 3206 1385 3307 malignitate,

248 3347 318 3399 nec
343 3323 482 3413 invidit,
515 3325 575 3396 sed
603 3321 813 3419 simpliciter,
841 3340 876 3396 et
903 3321 1068 3421 ingenue,
1096 3322 1267 3422 judicium
1294 3317 1386 3394 animi

253 3441 307 3514 sui
331 3441 521 3514 detexisse:
548 3463 593 3512 an
612 3439 778 3512 invideret
800 3439 987 3528 meronie
1008 3439 1069 3536 qui
1093 3439 1177 3512 mihi
1192 3438 1328 3513 videtur
1347 3459 1385 3507 ne

256 3556 385 3632 caesan·
427 3541 568 3652 quidem
603 3553 787 3629 invidisse?
838 3555 947 3652 Quod
978 3555 1024 3628 od
1060 3556 1136 3628 Ser.
1166 3554 1319 3629 Galbam
1354 3566 1383 3622 et

297 3769 308 3798 ¹
343 3771 428 3830 Parti
451 3773 583 3832 sermonis
606 3778 676 3852 q’us.
705 3775 800 3852 Supra
852 3773 1039 3832 berrimorom
1053 3764 1385 3838 Graeoiaeorstorum,vi·

257 3859 384 3990 capg}
411 3931 636 4012 omintlrsotetur
668 3937 713 3993 lto
759 3945 800 3992 te·
854 3848 1385 3995 bbstsiiipmpmmhus'vomp.

255 4033 298 4072 res
329 3953 473 4072 ediiibnes.
524 4013 600 4072 Bene
632 3955 801 4073 imendbbst
891 4011 907 4045 ⁴
934 3953 1051 4071 sesinii&
1084 4011 1147 4070 Ρη·
1171 4031 1202 4069 se
1224 4011 1326 4076 lerunt,
1347 3999 1385 4060 tel

166 4169 169 4176 ,
255 4093 364 4154 illustr.
375 4094 509 4163 lluetius,
517 4093 596 4151 immo
606 4113 655 4152 nos
659 4095 798 4172 satnnur,
853 4093 933 4152 libris
945 4096 1004 4152 suis
1017 4093 1121 4152 ferunt.
1148 4093 1197 4154 Sic
1210 4091 1385 4174 t'ermlsuprt

254 4174 298 4231 vel
311 4173 454 4252 promittis
461 4175 611 4253 joteomur
620 4199 631 4244 ,·
653 4187 688 4234 ut
703 4188 800 4253 postu·
855 4175 930 4232 Hist.
945 4171 1041 4233 rr.65.
1053 4168 1385 4248 letitiometgrotulutro·

253 4255 295 4314 lut
308 4253 443 4314 emtionis
455 4255 548 4313 series.
853 4275 912 4313 netu
925 4253 1122 4334 vatiferem.

294 4329 305 4364 ³
337 4333 495 4415 Lycurgus.
529 4333 630 4414 Lysiae,
663 4332 798 4413 Lycurgi,
893 4332 903 4366 ⁵
930 4333 980 4392 An
1004 4333 1142 4392 invideret
1167 4328 1304 4392 Ciceroni.
1334 4323 1387 4380 Ob*

254 4415 452 4476 Demosthenis
475 4429 503 4475 et
537 4415 701 4495 Hyperidis,
725 4415 799 4476 cele·
851 4426 944 4477 serrat
976 4415 1084 4476 illustr.
1118 4413 1255 4476 lluetiuo:
1289 4409 1385 4468 Brutus
