2859 4950
233 264 277 335 n
598 262 634 323 C.
654 260 852 323 CORNELII
873 259 1010 325 'l'AClTI

231 417 322 493 vada
335 429 440 516 atque
453 413 490 490 ln
505 416 580 515 ipeo
596 417 711 491 littore
727 418 859 521 legunt.
910 420 1002 508 Nec,
1015 438 1093 517 quae
1109 432 1242 510 natura,
1253 442 1365 520 quave

231 533 319 609 ratio
348 533 479 632 gignat,
508 550 548 605 ut
576 532 741 621 barbaris,
772 532 955 631 quaesitum
971 550 1252 631 'compertumve
1300 536 1365 611 Diu

232 648 421 747 quinetiam
446 649 535 721 inter
558 664 671 721 cetera
696 650 919 747 ejectamenta
947 648 1050 721 maris
1078 652 1236 749 jacebat,¹
1266 650 1366 724 donee

232 764 373 837 luxuria
399 768 539 837 nostra²
564 762 658 841 dedit
686 786 837 835 nomen:
865 762 944 859 ipsis
974 764 1009 835 in
1038 762 1136 835 nullo
1165 787 1253 855 usu3
1289 766 1367 837 rude

218 856 374 978 legitur,
397 876 546 951 informe
564 875 752 975 perfertur,
777 876 995 974 pretiumque
1011 877 1173 952 mirantes
1197 877 1367 975 accipiunt.

232 996 387 1071 Succum
403 1012 519 1067 tamen
533 994 718 1065 arborum¹
745 1016 817 1065 esse
834 990 1013 1090 intelligas,
1034 994 1114 1091 quia
1135 1008 1271 1067 terrena
1286 1018 1367 1091 qua·

234 1109 316 1182 dam
332 1126 435 1207 atque
451 1112 553 1183 etlam
569 1108 724 1181 volucria
747 1107 903 1181 animalia
926 1108 1131 1207 plerumque
1148 1108 1367 1195 iuterlucent,⁴

233 1248 314 1323 quae
330 1226 501 1321 implicata
515 1224 676 1311 humore,
693 1247 778 1295 mon
795 1223 996 1295 durescente
1014 1224 1168 1313 materie,
1180 1224 1367 1297 cluduntur.

234 1340 466 1417 Foecundiora
489 1340 595 1439 igitur
619 1364 763 1412 nemora
779 1340 958 1437 lucosque,
981 1338 1071 1447 eicut
1094 1338 1247 1413 Orientis
1271 1362 1369 1411 secre-

233 1454 303 1545 tis,‘
329 1456 388 1528 ubi
404 1456 514 1530 ,thura
537 1457 756 1553 balsamaque
773 1456 952 1543 sudantur,
976 1454 1022 1528 ita
1040 1454 1239 1528 Occidentis
1262 1452 1368 1526 insulis
1405 1514 1406 1525 ,

233 1570 402 1667 terrisque
418 1570 526 1647 inesse
543 1571 760 1661 crediderim,
778 1597 857 1668 quae
874 1568 973 1643 vicini
996 1570 1085 1643 Solia
1101 1562 1203 1643 radiis
1219 1590 1368 1666 expressa

234 1702 340 1783 atque
355 1685 518 1782 liquentia
533 1688 569 1759 in
586 1686 786 1785 proximum
806 1711 900 1761 mare
918 1688 1092 1774 labuntur,
1108 1710 1146 1783 ac
1158 1685 1192 1758 vi
1202 1698 1368 1781 tempesta·

234 1815 312 1879 tum
344 1800 380 1873 iu
413 1804 553 1879 adversa
578 1802 715 1877 littoia⁶
748 1804 935 1877 exundant.
990 1802 1028 1875 Si
1061 1818 1219 1887 naturam
1251 1796 1368 1873 succini

236 2113 366 2175 ⁸⁰⁰⁰lfl0·
424 2118 499 2187 Qnae
529 2120 612 2189 inter,
645 2126 785 2180 memorat
836 2118 1042 2197 Solmidederg‚
1067 2120 1188 2196 aliisque
1213 2116 1242 2175 ln
1268 2107 1367 2172 locisl

238 2196 350 2255 Plinius
371 2200 530 2257 maximum
556 2202 668 2277 pondus
695 2203 784 2277 glebae
836 2204 908 2264 mari
927 2202 1040 2259 dissitis.
1082 2200 1155 2258 Sunt
1175 2192 1369 2259 tamenadhut

236 2278 360 2346 Succlssli
374 2279 487 2335 Nerone
500 2282 634 2359 Principe
651 2282 785 2354 allatum,
835 2294 865 2340 et
879 2280 1006 2359 plurimi,
1018 2280 1067 2356 qui
1083 2278 1235 2337 succinum
1247 2295 1303 2336 esse
1315 2288 1370 2327 suc·

237 2355 324 2415 fuisse
339 2358 430 2416 XIII
441 2360 586 2422 librarum.
836 2381 903 2421 cum
925 2364 1059 2423 arborum
1080 2359 1228 2437 pinearum
1241 2376 1275 2415 ac
1289 2370 1369 2437 popu-

837 2442 946 2504 learutu
959 2440 1075 2510 volunt;
1096 2438 1156 2516 quit
1170 2440 1206 2498 de
1225 2458 1255 2503 re
1276 2436 1370 2510 ingein-

278 2514 441 2576 'Jncehae
474 2519 636 2584 nucetulo,
657 2528 690 2578 ut
706 2521 784 2581 Gnt·
837 2541 898 2582 osas
931 2541 966 2580 ac
1003 2520 1162 2598 probabiles
1199 2518 1370 2594 conjecturas

194 2621 209 2638 ⁸
238 2602 326 2665 lones,
348 2598 398 2673 qui
425 2597 499 2656 illud
525 2601 693 2658 aestttarium
712 2599 780 2658 olitn

236 2676 409 2740 incolebant.
422 2698 474 2752 pro
486 2679 563 2755 ligno
573 2681 610 2736 od
619 2680 707 2754 ignem
724 2693 784 2738 ute-

236 2769 335 2814 rentur
353 2761 482 2822 succino,
502 2760 685 2834 proritniaque
712 2759 784 2816 Ten·

236 2837 311 2896 lenit
323 2837 482 2906 tenderent,
495 2837 570 2894 Plio.
584 2857 718 2896 xxxvii.
733 2845 761 2906 Ω.

277 2913 439 2976 ‚²Luauria
466 2925 573 2975 inostro.
607 2918 677 2975 lnde
707 2919 780 2978 enim

236 2997 316 3072 apud
331 2997 502 3055 nomanost
520 2997 640 3059 succino
653 2999 781 3066 monilia,

235 3075 330 3147 attuli,
361 3076 482 3147 numini,
516 3077 632 3152 pocula,
664 3089 783 3137 auctore

194 3203 206 3215 ,
232 3156 343 3224 -Plinio,
355 3155 412 3216 loc.
422 3158 473 3219 cit.
487 3157 509 3216 f
512 3175 576 3220 uere
588 3168 617 3216 et
630 3156 782 3230 columnae,

235 3237 272 3294 tle
294 3236 401 3314 quibua
423 3237 611 3310 Claudianus,
637 3239 672 3296 do
695 3239 781 3317 Rapt.

235 3316 396 3395 Proserpin.
409 3336 433 3376 1.
450 3324 515 3378 154.

235 3446 305 3487 Atria
315 3450 387 3496 cingit
395 3449 434 3488 aba
438 3461 456 3494 r,
465 3449 567 3490 trabitur
574 3449 688 3489 nituntur
696 3450 775 3490 ahenis

235 3505 782 3559 caluerunttueremurgunteteermcolumnor.

235 3639 359 3698 Transiit
379 3658 494 3716 quoque
511 3643 540 3701 in
559 3643 669 3703 theatra
689 3643 784 3702 succi·

227 3737 315 3790 nutu,
330 3723 443 3778 Nerone
459 3723 601 3797 Principe,
636 3723 711 3782 t'ide
725 3723 782 3782 Pli-

234 3800 326 3866 nium,
337 3800 392 3858 loc.
406 3801 455 3860 cit.
468 3821 533 3878 cap.
542 3808 571 3863 3.

277 3873 289 3910 ³
311 3880 427 3940 Succunt
446 3889 536 3941 tainica
558 3884 698 3948 orborum,
720 3882 780 3941 Alii

233 3961 330 4036 posted
344 3961 495 4020 succinum
513 3963 585 4020 inter
606 3963 779 4041 bituminum

234 4040 396 4115 taliumque
416 4043 523 4117 speeies
541 4059 779 4112 annumerat-erm

234 4140 358 4197 quornm
372 4122 515 4182 sententia*
528 4121 620 4178 snt-ere
633 4124 781 4182 viduatur

234 4199 388 4259 succinunt
405 4201 505 4270 fossile,
528 4202 558 4259 in
577 4203 652 4275 agris·
674 4203 782 4266 Prassi-

837 2621 927 2680 nuper
940 2601 1029 2660 edidit
1040 2601 1086 2658 Cl.
1100 2601 1229 2677 Formey.
1354 2667 1358 2677 Ι

876 2681 1097 2742 ⁴Intet·luccnt,
1122 2683 1261 2750 Araneas,
1285 2673 1371 2732 tonn-

837 2781 896 2834 cas,
917 2782 991 2838 apes,
1012 2762 1125 2837 aliaque
1146 2761 1174 2817 id
1195 2765 1293 2836 genus,
1314 2767 1370 2842 tul·

836 2845 902 2903 cino
934 2842 1043 2908 clausa,
1078 2854 1108 2898 ut
1143 2841 1221 2900 rectd
1254 2832 1371 2918 explicui

836 2923 965 2991 Tacitus,
986 2920 1217 3000 saepefridimus.
1262 2921 1302 2975 nt
1325 2927 1371 3000 clt-

837 3002 1035 3062 cutnleruntur
1055 3019 1170 3078 quoque
1182 2999 1291 3066 lacerti,
1310 2991 1371 3080 alta·

837 3103 893 3159 qne
905 3083 1016 3158 majora
1036 3081 1172 3146 animalia
1191 3079 1309 3150 succino
1326 3089 1371 3128 nn·

837 3162 950 3240 plicita,
980 3171 1036 3220 non
1069 3171 1180 3218 naturae
1220 3159 1295 3226 lusu,
1329 3147 1369 3238 eqd

837 3243 1041 3308 circulatorum
1069 3241 1227 3314 fraudibus,
1254 3235 1302 3314 qui
1334 3229 1370 3286 hb

838 3324 967 3384 monstris
980 3323 1149 3400 pecuniosos
1162 3331 1190 3388 et
1209 3320 1318 3396 ignaros
1329 3310 1372 3368 ho·

838 3405 925 3470 niines
938 3413 1053 3479 argento
1065 3414 1233 3476 emungunt.

877 3481 888 3515 ⁵
911 3483 1034 3540 Orientis
1053 3481 1177 3543 secretis.
1199 3477 1275 3550 Beni
1293 3483 1372 3530 accu-

838 3563 955 3640 rateque
969 3563 1090 3626 dictum,
1102 3561 1173 3638 quia
1188 3560 1262 3618 inter
1272 3557 1370 3613 secreta

837 3644 1015 3702 habebantur
1039 3641 1265 3716 colebanturque
1294 3631 1370 3718 thuli

837 3743 871 3782 ac
899 3723 1035 3782 balsama.
1082 3723 1127 3778 De
1154 3721 1238 3780 thuro
1263 3711 1370 3774 :trabe

838 3803 900 3862 ride
915 3803 1051 3872 Plinium,
1068 3820 1128 3872 xri,
1145 3807 1190 3860 14.
1213 3803 1258 3862 lle
1270 3792 1369 3878 ludis?⁰²

838 3885 963 4020 balpamo
980 3882 1107 3949 diximus
1121 3881 1188 3950 satis
1201 3897 1288 3956 supra
1301 3872 1369 3933 lilsl·

837 3983 866 4030 ν,
888 3982 928 4022 ).·
1318 4027 1323 4039 ,

875 4037 888 4069 ⁶
909 4041 945 4108 In
956 4043 1073 4102 adserta
1084 4043 1191 4101 littora.
1212 4040 1368 4116 Eproxtmv

836 4123 977 4182 Suionum
1001 4124 1071 4181 mari
1091 4123 1120 4180 in
1139 4123 1254 4180 adversa
1273 4114 1368 4190 AESU‘?

836 4223 899 4262 rum
919 4205 1053 4262 litterari
1074 4213 1272 4281 tempestatum
1284 4201 1368 4252 succl-

234 4277 278 4339 eis
291 4281 392 4358 passim
405 4283 534 4341 obvium:
555 4298 696 4359 repertum
710 4304 782 4359 quo·
835 4303 904 4346 num
922 4283 1142 4364 propellebatur.

236 4381 293 4440 que
316 4363 346 4426 iu
372 4363 498 4426 baronii
523 4383 610 4442 prope
641 4365 780 4448 oppidum

1314 4455 1320 4490 l
