2859 4950
227 265 291 331 soe
430 238 434 244 ’
498 264 652 339 ⁴none
673 264 725 327 uu
746 262 1083 329 unuunsrrouus

275 420 341 491 Qui
361 421 419 487 seit
440 420 518 509 qnid
540 422 583 487 sit
603 420 826 489 misericordia.
872 418 922 487 Sit
935 418 1133 485 durissimum
1145 429 1204 499 est,
1218 418 1358 485 etridnn

227 534 408 603 redundare.
1195 615 1199 624 Ι

273 644 427 711 Hebenus
462 644 645 711 aninsornm.
700 643 752 711 Ite
778 644 967 711 Puteolanus
999 658 1031 711 et
1060 642 1155 709 oeteri
1184 666 1297 709 omnes.
1332 642 1361 707 le
1396 662 1397 673 ¹

228 754 333 823 MSS.
347 754 450 821 Vstic.
472 770 506 821 et
525 756 660 821 editione
675 756 826 841 principe,
840 778 933 822 oenus
957 756 1132 821 animorum
1139 782 1152 837 ,-
1173 768 1206 821 et
1229 755 1304 821 forti
1315 776 1362 819 uon

228 871 269 935 eb
283 866 407 953 aurigis,
417 867 501 932 sedi
516 868 747 933 medicisdncts
760 866 962 954 comparatio.

272 979 495 1047 Mutuebimur
526 977 547 1045 d
580 978 812 1066 Peripateticis.
871 980 995 1045 locum
1022 980 1104 1046 bunc
1133 976 1314 1045 restimiinus
1336 1002 1363 1042 er

227 1090 333 1159 MSS.
347 1092 449 1158 Vetio.
495 1091 664 1177 Perpetem
678 1090 710 1157 in
725 1090 860 1157 editione
874 1090 1027 1177 principe,
1041 1092 1253 1158 mutuabimur
1266 1091 1364 1179 aliquid

227 1200 467 1292 Peripateticis:
493 1214 592 1291 aptos,
615 1204 668 1278 irc.
714 1202 906 1269 Puteolanus
929 1204 1154 1284 emendaverat,
1178 1205 1365 1270 mutuubinn

225 1312 384 1403 uiiqnidd
400 1314 639 1403 Peripateticis:
661 1315 696 1379 ni
708 1326 799 1401 optor
812 1326 840 1380 et
855 1316 889 1381 iu
903 1336 1021 1380 munem
1040 1314 1279 1403 dispsuotionem
1290 1340 1366 1403 poro·

228 1428 355 1513 sejam
366 1425 446 1493 Ioeos
458 1426 599 1493 dobunt:
623 1426 817 1502 Academici,
830 1426 883 1501 bc.
929 1424 1047 1491 Melius
1063 1426 1166 1493 MSS.
1181 1428 1285 1494 Vetic.
1303 1430 1364 1494 Ibit

227 1549 260 1603 et
280 1547 372 1607 1518.
385 1539 597 1605 mutuabimur
608 1536 631 1604 ὰ
644 1537 866 1624 Peripateticis
877 1548 966 1625 aptos
980 1548 1009 1602 et
1025 1538 1059 1603 in
1070 1560 1191 1604 omnem
1205 1540 1364 1627 disputatio·

227 1674 297 1719 nem
312 1663 443 1737 puratos
455 1655 530 1741 jons
552 1654 642 1719 locor.
687 1652 833 1733 Dabunt,
846 1652 899 1729 ise.
946 1650 1038 1719 licit
1059 1650 1119 1715 dici
1139 1650 1242 1736 possit
1264 1649 1363 1729 hert,

213 1764 445 1844 ,mnobimsn
465 1765 538 1828 eum
560 1788 636 1830 mox
657 1787 728 1849 esp.
750 1788 815 1853 seq.
839 1777 871 1830 et
888 1784 975 1851 sepe
997 1786 1091 1850 supro
1104 1766 1236 1828 verbnm
1249 1762 1364 1829 unni

227 1890 403 1961 usurpetur,
417 1875 494 1941 nihil
507 1876 634 1942 mutari.

273 1984 339 2051 Res
347 1998 461 2073 poscet.
508 1988 598 2053 Libri
612 2010 720 2054 omnes
739 1988 823 2070 editi,
834 1989 945 2075 poscit.
990 1988 1131 2054 Omnino
1150 1988 1362 2065 emendandum,

223 2110 338 2186 poscet.
381 2098 481 2185 quue
488 2100 557 2186 jum
572 2114 735 2167 monuerat
749 2100 865 2166 Illustr.
882 2099 1028 2167 Huetius.

273 2209 501 2278 Artes-aedtse.
550 2211 675 2297 Lipsius
696 2212 845 2291 malebat,
868 2213 967 2291 odire,
990 2212 1039 2277 vel
1059 2212 1207 2279 tussire.-
1229 2224 1260 2279 et
1282 2211 1360 2277 seon

152 2340 156 2345 ·
228 2320 370 2389 liberates
384 2346 443 2410 pro
456 2322 638 2389 liberaliter.
681 2324 875 2390 Verbnsuon
889 2323 1041 2411 displicet,
1055 2323 1241 2391 liberaliter.

275 2559 365 2626 Cur.
390 2570 444 2628 82.
468 2559 665 2649 Respondeat
687 2561 829 2647 sufficere.
877 2561 966 2626 Beni
992 2561 1147 2630 Pithoeus.
1193 2561 1234 2629 In
1256 2561 1363 2628 editione

230 2671 382 2758 principe,
396 2673 555 2759 ssrfficeret.
600 2671 825 2739 Emendeverst
842 2673 1042 2754 Puteolanus,
1055 2675 1176 2761 sufficit.

275 2785 323 2851 Et
345 2785 515 2873 uniforme.
555 2783 605 2850 Its
626 2784 721 2852 editio
743 2786 897 2873 princeps,
911 2799 943 2851 et
960 2785 1152 2852 recentiores.
1200 2786 1364 2856 Puteolanus

231 2921 269 2964 ee
284 2897 471 2980 Berosldus,
485 2909 513 2963 et
529 2898 561 2962 in
579 2919 671 2963 orme.
699 2941 713 2950 „
797 2906 802 2915 “

275 3009 455 3077 Mntnetnr.
500 3009 642 3076 Pithoeus
657 3009 773 3092 mallet,
786 3023 970 3078 mutuemur.

277 3121 342 3189 Fer
364 3145 492 3214 qnoque.
537 3121 576 3188 lu
590 3121 694 3189 MSS.
711 3123 814 3189 Vetio.
829 3139 862 3191 et
874 3123 1009 3190 editione
1024 3121 1176 3211 principe,
1191 3125 1240 3191 vis
1260 3141 1360 3213 qnnqrn

234 3233 437 3317 Puteolanus,
449 3235 513 3302 nie.
558 3235 659 3301 Recte
673 3233 926 3302 irecentioribus
941 3237 1227 3326 emendatum‚sex.

276 3347 349 3435 Ego
363 3347 443 3412 bunc
459 3347 609 3434 primum.
654 3344 703 3412 Its
716 3347 794 3414 MS.
810 3347 913 3414 Vetic.
932 3349 1026 3416 1862.
1071 3346 1110 3412 ld
1123 3371 1251 3438 quoqne
1265 3345 1368 3412 volebat

228 3458 387 3526 Pithoeus.
432 3457 521 3523 Libri
537 3457 623 3538 editi,
639 3458 721 3546 ergd.

277 3569 391 3660 Refert
403 3571 513 3637 uerbis.
556 3568 606 3635 Ita
629 3571 733 3637 MSS.
748 3571 851 3636 Vetic.
897 3569 1009 3667 Refert
1030 3573 1115 3637 deest
1138 3569 1268 3637 inlibris
1285 3565 1359 3634 editis.

232 3681 311 3748 Inde
326 3683 474 3749 Muretus
489 3705 548 3770 pro
561 3683 597 3748 id
608 3707 640 3749 se
653 3685 847 3762 emendabat,
862 3684 911 3748 nit
924 3707 963 3749 se.

219 3859 228 3878 ,
278 3792 352 3859 Non
368 3793 535 3861 rbetornsn.
578 3794 682 3860 Vellet
697 3793 867 3874 Acidaliae,
880 3817 943 3860 non
958 3795 993 3860 in
1007 3793 1173 3860 rhetorum.

228 3923 231 3929 ’
278 3905 312 3972 A
325 3905 414 3971 vobis
428 3905 555 3994 operiri.
599 3905 705 3971 MSS.
716 3903 820 3971 Vstic.
835 3903 922 3972 uobis
936 3905 1241 3992 sinepraepositione,

277 4132 369 4200 Cur.
385 4141 439 4201 33.
463 4131 523 4198 ltu·
534 4135 656 4200 scirent.
701 4132 818 4199 Meilet
833 4133 1117 4215 Schurztieisebius,
1131 4134 1261 4202 scierint.

277 4243 394 4311 Fortem
416 4245 554 4334 ingressi.
599 4245 678 4316 MS.
700 4245 803 4313 Votie-
832 4247 924 4328 lene.
949 4247 1120 4340 ingressuri
1127 4275 1138 4328 ;
1160 4271 1216 4315 nec
1237 4243 1315 4326 meli,
1332 4249 1356 4307 ut

232 4369 317 4444 petet
330 4379 369 4422 er
384 4379 454 4442 cop.
469 4365 522 4426 34.
1199 4353 1203 4362 ⁸
