<?xml version="1.0" encoding="UTF-8"?>
<!DOCTYPE html PUBLIC "-//W3C//DTD XHTML 1.0 Transitional//EN"
    "http://www.w3.org/TR/xhtml1/DTD/xhtml1-transitional.dtd">
<html xmlns="http://www.w3.org/1999/xhtml" xml:lang="en" lang="en">
 <head>
  <title>
</title>
<meta http-equiv="Content-Type" content="text/html;charset=utf-8" />
  <meta name='ocr-system' content='tesseract 3.04.00' />
  <meta name='ocr-capabilities' content='ocr_page ocr_carea ocr_par ocr_line ocrx_word'/>
</head>
<body>
  <div class='ocr_page' id='page_1' title='image "./ccorntacitioper01valpgoog_0227.png"; bbox 0 0 2859 4950; ppageno 0'>
   <div class='ocr_carea' id='block_1_1' title="bbox 70 329 1217 408">
    <p class='ocr_par' dir='ltr' id='par_1_1' title="bbox 70 329 1217 408">
     <span class='ocr_line' id='line_1_1' title="bbox 70 329 1217 408; baseline 0.001 -9"><span class='ocrx_word' id='word_1_1' title='bbox 70 338 96 400; x_wconf 85' lang='lat' dir='ltr'><strong>J.</strong></span> <span class='ocrx_word' id='word_1_2' title='bbox 106 339 138 398; x_wconf 87' lang='lat' dir='ltr'><strong>C.</strong></span> <span class='ocrx_word' id='word_1_3' title='bbox 152 343 199 408; x_wconf 74' lang='lat'><strong>29.</strong></span> <span class='ocrx_word' id='word_1_4' title='bbox 371 330 481 396; x_wconf 83' lang='lat' dir='ltr'>LIBRI</span> <span class='ocrx_word' id='word_1_5' title='bbox 503 329 650 403; x_wconf 78' lang='lat' dir='ltr'>QUINTI</span> <span class='ocrx_word' id='word_1_6' title='bbox 670 331 914 396; x_wconf 80' lang='lat' dir='ltr'>ANNALIUM.</span> <span class='ocrx_word' id='word_1_7' title='bbox 1153 343 1217 400; x_wconf 75' lang='lat'><strong>215</strong></span> 
     </span>
    </p>
   </div>
   <div class='ocr_carea' id='block_1_2' title="bbox 60 486 1213 2810">
    <p class='ocr_par' dir='ltr' id='par_1_2' title="bbox 65 486 1213 1524">
     <span class='ocr_line' id='line_1_2' title="bbox 111 486 1213 588; baseline 0.001 -20"><span class='ocrx_word' id='word_1_8' title='bbox 111 503 144 568; x_wconf 79' lang='lat'><strong>4.</strong></span> <span class='ocrx_word' id='word_1_9' title='bbox 167 493 265 566; x_wconf 86' lang='lat' dir='ltr'><strong>Furr</strong></span> <span class='ocrx_word' id='word_1_10' title='bbox 282 489 319 563; x_wconf 87' lang='lat' dir='ltr'><strong>in</strong></span> <span class='ocrx_word' id='word_1_11' title='bbox 335 503 456 564; x_wconf 81' lang='lat' dir='ltr'><strong>senam</strong></span> <span class='ocrx_word' id='word_1_12' title='bbox 470 487 491 563; x_wconf 87' lang='lat' dir='ltr'>J</span> <span class='ocrx_word' id='word_1_13' title='bbox 493 486 594 562; x_wconf 90' lang='lat' dir='ltr'><strong>unius</strong></span> <span class='ocrx_word' id='word_1_14' title='bbox 612 487 791 579; x_wconf 77' lang='lat' dir='ltr'>Rusticus,</span> <span class='ocrx_word' id='word_1_15' title='bbox 807 487 1057 587; x_wconf 75' lang='lat' dir='ltr'><strong>componendis</strong></span> <span class='ocrx_word' id='word_1_16' title='bbox 1071 506 1213 588; x_wconf 81' lang='lat' dir='ltr'><strong>panum</strong></span> 
     </span>
     <span class='ocr_line' id='line_1_3' title="bbox 69 604 1213 706; baseline -0.002 -20"><span class='ocrx_word' id='word_1_17' title='bbox 69 611 140 686; x_wconf 80' lang='lat' dir='ltr'><strong>sctis</strong></span> <span class='ocrx_word' id='word_1_18' title='bbox 154 609 305 682; x_wconf 84' lang='lat' dir='ltr'><strong>delectus</strong></span> <span class='ocrx_word' id='word_1_19' title='bbox 321 606 343 680; x_wconf 72' lang='lat' dir='ltr'><strong>a</strong></span> <span class='ocrx_word' id='word_1_20' title='bbox 361 607 514 695; x_wconf 81' lang='lat' dir='ltr'><strong>Caesare,</strong></span> <span class='ocrx_word' id='word_1_21' title='bbox 538 604 654 702; x_wconf 81' lang='lat' dir='ltr'><strong>eoque</strong></span> <span class='ocrx_word' id='word_1_22' title='bbox 672 606 908 682; x_wconf 81' lang='lat' dir='ltr'><strong>meditationes</strong></span> <span class='ocrx_word' id='word_1_23' title='bbox 923 609 997 706; x_wconf 83' lang='lat' dir='ltr'><strong>ejus</strong></span> <span class='ocrx_word' id='word_1_24' title='bbox 1011 607 1213 706; x_wconf 85' lang='lat' dir='ltr'><strong>introspice·</strong></span> 
     </span>
     <span class='ocr_line' id='line_1_4' title="bbox 69 719 1213 823; baseline -0.002 -22"><span class='ocrx_word' id='word_1_25' title='bbox 69 754 100 802; x_wconf 92' lang='lat' dir='ltr'><strong>re</strong></span> <span class='ocrx_word' id='word_1_26' title='bbox 114 727 279 800; x_wconf 87' lang='lat' dir='ltr'><strong>creditus:</strong></span> <span class='ocrx_word' id='word_1_27' title='bbox 305 723 334 797; x_wconf 83' lang='lat' dir='ltr'><strong>is</strong></span> <span class='ocrx_word' id='word_1_28' title='bbox 355 719 449 796; x_wconf 87' lang='lat' dir='ltr'><strong>fatali</strong></span> <span class='ocrx_word' id='word_1_29' title='bbox 461 723 615 821; x_wconf 84' lang='lat' dir='ltr'><strong>quodam</strong></span> <span class='ocrx_word' id='word_1_30' title='bbox 632 739 732 796; x_wconf 92' lang='lat' dir='ltr'><strong>motu</strong></span> <span class='ocrx_word' id='word_1_31' title='bbox 747 724 990 822; x_wconf 88' lang='lat' dir='ltr'><strong>(nequeenim</strong></span> <span class='ocrx_word' id='word_1_32' title='bbox 1005 722 1086 798; x_wconf 74' lang='lat' dir='ltr'><strong>antd</strong></span> <span class='ocrx_word' id='word_1_33' title='bbox 1103 725 1213 823; x_wconf 82' lang='lat' dir='ltr'><strong>speti-</strong></span> 
     </span>
     <span class='ocr_line' id='line_1_5' title="bbox 69 839 1212 938; baseline 0.001 -22"><span class='ocrx_word' id='word_1_34' title='bbox 69 868 137 918; x_wconf 88' lang='lat' dir='ltr'><strong>men</strong></span> <span class='ocrx_word' id='word_1_35' title='bbox 153 841 350 916; x_wconf 70' lang='lat' dir='ltr'><strong>constantia</strong></span> <span class='ocrx_word' id='word_1_36' title='bbox 367 839 527 935; x_wconf 83' lang='lat' dir='ltr'>dederat)</span> <span class='ocrx_word' id='word_1_37' title='bbox 543 865 604 914; x_wconf 89' lang='lat' dir='ltr'><strong>seu</strong></span> <span class='ocrx_word' id='word_1_38' title='bbox 620 839 730 938; x_wconf 67' lang='lat' dir='ltr'><strong>pravi</strong></span> <span class='ocrx_word' id='word_1_39' title='bbox 744 839 897 931; x_wconf 72' lang='lat' dir='ltr'><strong>solenni,</strong></span> <span class='ocrx_word' id='word_1_40' title='bbox 912 841 1013 930; x_wconf 89' lang='lat' dir='ltr'><strong>dum,</strong></span> <span class='ocrx_word' id='word_1_41' title='bbox 1029 840 1212 918; x_wconf 83' lang='lat' dir='ltr'><strong>imminen-</strong></span> 
     </span>
     <span class='ocr_line' id='line_1_6' title="bbox 69 957 1212 1056; baseline 0 -22"><span class='ocrx_word' id='word_1_42' title='bbox 69 962 142 1034; x_wconf 86' lang='lat' dir='ltr'><strong>tium</strong></span> <span class='ocrx_word' id='word_1_43' title='bbox 169 959 310 1048; x_wconf 87' lang='lat' dir='ltr'><strong>oblitus,</strong></span> <span class='ocrx_word' id='word_1_44' title='bbox 344 957 475 1032; x_wconf 88' lang='lat' dir='ltr'><strong>incerta</strong></span> <span class='ocrx_word' id='word_1_45' title='bbox 501 975 615 1056; x_wconf 85' lang='lat' dir='ltr'><strong>pavet,</strong></span> <span class='ocrx_word' id='word_1_46' title='bbox 639 958 791 1034; x_wconf 88' lang='lat' dir='ltr'><strong>inserere</strong></span> <span class='ocrx_word' id='word_1_47' title='bbox 818 984 856 1032; x_wconf 88' lang='lat' dir='ltr'><strong>se</strong></span> <span class='ocrx_word' id='word_1_48' title='bbox 885 957 1132 1049; x_wconf 75' lang='lat' dir='ltr'><strong>dubitantibus,</strong></span> <span class='ocrx_word' id='word_1_49' title='bbox 1170 983 1212 1035; x_wconf 87' lang='lat' dir='ltr'><strong>ac</strong></span> 
     </span>
     <span class='ocr_line' id='line_1_7' title="bbox 66 1074 1211 1173; baseline 0 -23"><span class='ocrx_word' id='word_1_50' title='bbox 66 1099 193 1150; x_wconf 84' lang='lat' dir='ltr'><strong>monere</strong></span> <span class='ocrx_word' id='word_1_51' title='bbox 222 1074 383 1150; x_wconf 84' lang='lat' dir='ltr'><strong>consules</strong></span> <span class='ocrx_word' id='word_1_52' title='bbox 410 1081 435 1120; x_wconf 90' lang='lat'><strong>“</strong></span> <span class='ocrx_word' id='word_1_53' title='bbox 452 1099 498 1148; x_wconf 85' lang='lat' dir='ltr'><strong>ne</strong></span> <span class='ocrx_word' id='word_1_54' title='bbox 513 1074 715 1148; x_wconf 83' lang='lat' dir='ltr'><strong>relationem</strong></span> <span class='ocrx_word' id='word_1_55' title='bbox 741 1074 932 1173; x_wconf 87' lang='lat' dir='ltr'><strong>inciperent</strong></span> <span class='ocrx_word' id='word_1_56' title='bbox 942 1075 982 1147; x_wconf 85' lang='lat'><strong>:”</strong></span> <span class='ocrx_word' id='word_1_57' title='bbox 1008 1074 1211 1150; x_wconf 83' lang='lat' dir='ltr'><strong>disserebat·</strong></span> 
     </span>
     <span class='ocr_line' id='line_1_8' title="bbox 67 1190 1211 1291; baseline 0 -25"><span class='ocrx_word' id='word_1_58' title='bbox 67 1219 134 1291; x_wconf 90' lang='lat' dir='ltr'><strong>que,</strong></span> <span class='ocrx_word' id='word_1_59' title='bbox 159 1201 184 1236; x_wconf 92' lang='lat'>“</span> <span class='ocrx_word' id='word_1_60' title='bbox 200 1193 364 1266; x_wconf 84' lang='lat' dir='ltr'><strong>brevibus</strong></span> <span class='ocrx_word' id='word_1_61' title='bbox 390 1191 575 1265; x_wconf 88' lang='lat' dir='ltr'><strong>momentis</strong></span> <span class='ocrx_word' id='word_1_62' title='bbox 601 1215 738 1264; x_wconf 88' lang='lat' dir='ltr'><strong>summa</strong></span> <span class='ocrx_word' id='word_1_63' title='bbox 753 1190 841 1265; x_wconf 83' lang='lat' dir='ltr'><strong>verti</strong></span> <span class='ocrx_word' id='word_1_64' title='bbox 856 1215 970 1289; x_wconf 89' lang='lat' dir='ltr'><strong>posse,</strong></span> <span class='ocrx_word' id='word_1_65' title='bbox 995 1191 1211 1290; x_wconf 77' lang='lat' dir='ltr'><strong>quanddque</strong></span> 
     </span>
     <span class='ocr_line' id='line_1_9' title="bbox 66 1306 1210 1406; baseline -0.001 -23"><span class='ocrx_word' id='word_1_66' title='bbox 66 1318 86 1352; x_wconf 79' lang='lat'><strong>‘⁴</strong></span> <span class='ocrx_word' id='word_1_67' title='bbox 108 1308 304 1383; x_wconf 81' lang='lat' dir='ltr'><strong>Germanici</strong></span> <span class='ocrx_word' id='word_1_68' title='bbox 321 1307 476 1406; x_wconf 86' lang='lat' dir='ltr'><strong>stirpem,</strong></span> <span class='ocrx_word' id='word_1_69' title='bbox 502 1307 562 1379; x_wconf 92' lang='lat' dir='ltr'><strong>ubi</strong></span> <span class='ocrx_word' id='word_1_70' title='bbox 578 1307 725 1404; x_wconf 87' lang='lat' dir='ltr'><strong>spatium</strong></span> <span class='ocrx_word' id='word_1_71' title='bbox 738 1307 949 1403; x_wconf 83' lang='lat' dir='ltr'><strong>poenitentiae</strong></span> <span class='ocrx_word' id='word_1_72' title='bbox 967 1306 1069 1396; x_wconf 89' lang='lat' dir='ltr'><strong>senis,</strong></span> <span class='ocrx_word' id='word_1_73' title='bbox 1094 1332 1210 1382; x_wconf 85' lang='lat' dir='ltr'><strong>resur·</strong></span> 
     </span>
     <span class='ocr_line' id='line_1_10' title="bbox 65 1423 1211 1524; baseline 0 -26"><span class='ocrx_word' id='word_1_74' title='bbox 65 1433 85 1470; x_wconf 88' lang='lat'>“</span> <span class='ocrx_word' id='word_1_75' title='bbox 105 1426 221 1524; x_wconf 77' lang='lat' dir='ltr'><strong>gere-’²</strong></span> <span class='ocrx_word' id='word_1_76' title='bbox 275 1423 386 1498; x_wconf 90' lang='lat' dir='ltr'><strong>Simul</strong></span> <span class='ocrx_word' id='word_1_77' title='bbox 421 1425 584 1524; x_wconf 89' lang='lat' dir='ltr'><strong>populus,</strong></span> <span class='ocrx_word' id='word_1_78' title='bbox 613 1423 744 1524; x_wconf 84' lang='lat' dir='ltr'><strong>effigies</strong></span> <span class='ocrx_word' id='word_1_79' title='bbox 769 1423 974 1522; x_wconf 82' lang='lat' dir='ltr'><strong>Agrippinae</strong></span> <span class='ocrx_word' id='word_1_80' title='bbox 995 1449 1036 1497; x_wconf 91' lang='lat' dir='ltr'><strong>ac</strong></span> <span class='ocrx_word' id='word_1_81' title='bbox 1055 1423 1211 1500; x_wconf 83' lang='lat' dir='ltr'><strong>Neronis</strong></span> 
     </span>
    </p>

    <p class='ocr_par' dir='ltr' id='par_1_3' title="bbox 60 1539 1213 2810">
     <span class='ocr_line' id='line_1_11' title="bbox 83 1539 1153 1616; baseline 0.001 -1"><span class='ocrx_word' id='word_1_82' title='bbox 83 1567 154 1615; x_wconf 89' lang='lat' dir='ltr'><strong>eren</strong></span> <span class='ocrx_word' id='word_1_83' title='bbox 196 1542 247 1616; x_wconf 84' lang='lat' dir='ltr'><strong>cir</strong></span> <span class='ocrx_word' id='word_1_84' title='bbox 270 1540 416 1614; x_wconf 80' lang='lat' dir='ltr'><strong>musistit</strong></span> <span class='ocrx_word' id='word_1_85' title='bbox 432 1541 564 1615; x_wconf 88' lang='lat' dir='ltr'><strong>curiam</strong></span> <span class='ocrx_word' id='word_1_86' title='bbox 595 1539 688 1615; x_wconf 85' lang='lat' dir='ltr'><strong>festis</strong></span> <span class='ocrx_word' id='word_1_87' title='bbox 713 1567 759 1614; x_wconf 91' lang='lat' dir='ltr'><strong>ue</strong></span> <span class='ocrx_word' id='word_1_88' title='bbox 774 1539 811 1612; x_wconf 92' lang='lat' dir='ltr'><strong>in</strong></span> <span class='ocrx_word' id='word_1_89' title='bbox 829 1543 1006 1614; x_wconf 76' lang='lat' dir='ltr'><strong>Caesarem</strong></span> <span class='ocrx_word' id='word_1_90' title='bbox 1020 1541 1153 1616; x_wconf 87' lang='lat' dir='ltr'><strong>ominib</strong></span> 
     </span>
     <span class='ocr_line' id='line_1_12' title="bbox 64 1566 1210 1757; baseline 0 -25"><span class='ocrx_word' id='word_1_91' title='bbox 64 1567 197 1732; x_wconf 42' lang='lat' dir='ltr'><strong>{falsis</strong></span> <span class='ocrx_word' id='word_1_92' title='bbox 232 1567 363 1748; x_wconf 63' lang='lat' dir='ltr'><strong>lieteras,</strong></span> <span class='ocrx_word' id='word_1_93' title='bbox 392 1675 440 1748; x_wconf 90' lang='lat' dir='ltr'><strong>et,</strong></span> <span class='ocrx_word' id='word_1_94' title='bbox 470 1595 629 1756; x_wconf 75' lang='lat' dir='ltr'><strong>Principe</strong></span> <span class='ocrx_word' id='word_1_95' title='bbox 655 1567 777 1747; x_wconf 60' lang='lat' dir='ltr'><strong>indito,</strong></span> <span class='ocrx_word' id='word_1_96' title='bbox 806 1657 952 1730; x_wconf 83' lang='lat' dir='ltr'><strong>exitium</strong></span> <span class='ocrx_word' id='word_1_97' title='bbox 979 1657 1102 1732; x_wconf 75' lang='lat' dir='ltr'><strong>domm</strong></span> <span class='ocrx_word' id='word_1_98' title='bbox 1133 1566 1210 1757; x_wconf 54' lang='lat' dir='ltr'><strong>eills</strong></span> 
     </span>
     <span class='ocr_line' id='line_1_13' title="bbox 63 1772 1208 1872; baseline 0.001 -24"><span class='ocrx_word' id='word_1_99' title='bbox 63 1781 83 1818; x_wconf 90' lang='lat'>“</span> <span class='ocrx_word' id='word_1_100' title='bbox 103 1775 270 1868; x_wconf 87' lang='lat' dir='ltr'><strong>intendi,&#39;’</strong></span> <span class='ocrx_word' id='word_1_101' title='bbox 307 1775 479 1850; x_wconf 85' lang='lat' dir='ltr'><strong>elauritat:</strong></span> <span class='ocrx_word' id='word_1_102' title='bbox 522 1775 569 1850; x_wconf 85' lang='lat' dir='ltr'><strong>ita</strong></span> <span class='ocrx_word' id='word_1_103' title='bbox 599 1775 685 1850; x_wconf 90' lang='lat' dir='ltr'><strong>nihil</strong></span> <span class='ocrx_word' id='word_1_104' title='bbox 715 1777 811 1850; x_wconf 80' lang='lat' dir='ltr'><strong>tn&#39;ste</strong></span> <span class='ocrx_word' id='word_1_105' title='bbox 843 1775 904 1848; x_wconf 92' lang='lat' dir='ltr'><strong>illo</strong></span> <span class='ocrx_word' id='word_1_106' title='bbox 932 1772 989 1847; x_wconf 90' lang='lat' dir='ltr'><strong>die</strong></span> <span class='ocrx_word' id='word_1_107' title='bbox 1021 1791 1208 1872; x_wconf 74' lang='lat' dir='ltr'><strong>patratum.</strong></span> 
     </span>
     <span class='ocr_line' id='line_1_14' title="bbox 62 1889 1211 1991; baseline 0.003 -28"><span class='ocrx_word' id='word_1_108' title='bbox 62 1889 260 1966; x_wconf 86' lang='lat' dir='ltr'><strong>Ferebantur</strong></span> <span class='ocrx_word' id='word_1_109' title='bbox 277 1891 380 1965; x_wconf 90' lang='lat' dir='ltr'><strong>etiam</strong></span> <span class='ocrx_word' id='word_1_110' title='bbox 396 1896 462 1966; x_wconf 88' lang='lat' dir='ltr'><strong>sub</strong></span> <span class='ocrx_word' id='word_1_111' title='bbox 479 1893 676 1969; x_wconf 86' lang='lat' dir='ltr'><strong>nominibus</strong></span> <span class='ocrx_word' id='word_1_112' title='bbox 705 1890 940 1970; x_wconf 87' lang='lat' dir='ltr'><strong>consularium</strong></span> <span class='ocrx_word' id='word_1_113' title='bbox 955 1890 1048 1966; x_wconf 69' lang='lat' dir='ltr'><strong>ficta</strong></span> <span class='ocrx_word' id='word_1_114' title='bbox 1062 1889 1101 1964; x_wconf 87' lang='lat' dir='ltr'><strong>in</strong></span> <span class='ocrx_word' id='word_1_115' title='bbox 1115 1891 1211 1991; x_wconf 83' lang='lat' dir='ltr'><strong>Seja-</strong></span> 
     </span>
     <span class='ocr_line' id='line_1_15' title="bbox 62 2007 1213 2111; baseline 0.001 -31"><span class='ocrx_word' id='word_1_116' title='bbox 62 2029 134 2080; x_wconf 89' lang='lat' dir='ltr'><strong>num</strong></span> <span class='ocrx_word' id='word_1_117' title='bbox 148 2008 340 2098; x_wconf 71' lang='lat' dir='ltr'><strong>sententia,</strong></span> <span class='ocrx_word' id='word_1_118' title='bbox 366 2010 606 2086; x_wconf 85' lang='lat' dir='ltr'><strong>exercentibus</strong></span> <span class='ocrx_word' id='word_1_119' title='bbox 623 2010 797 2111; x_wconf 73' lang='lat' dir='ltr'><strong>plenisque</strong></span> <span class='ocrx_word' id='word_1_120' title='bbox 811 2034 876 2108; x_wconf 82' lang='lat' dir='ltr'><strong>per</strong></span> <span class='ocrx_word' id='word_1_121' title='bbox 887 2007 1079 2098; x_wconf 88' lang='lat' dir='ltr'><strong>occultum,</strong></span> <span class='ocrx_word' id='word_1_122' title='bbox 1103 2021 1213 2107; x_wconf 71' lang='lat' dir='ltr'><strong>atque</strong></span> 
     </span>
     <span class='ocr_line' id='line_1_16' title="bbox 62 2122 1210 2228; baseline 0.001 -31"><span class='ocrx_word' id='word_1_123' title='bbox 62 2125 97 2197; x_wconf 83' lang='lat' dir='ltr'><strong>eb</strong></span> <span class='ocrx_word' id='word_1_124' title='bbox 112 2126 306 2223; x_wconf 65' lang='lat' dir='ltr'><strong>procacium,</strong></span> <span class='ocrx_word' id='word_1_125' title='bbox 324 2125 500 2200; x_wconf 87' lang='lat' dir='ltr'><strong>libidinem</strong></span> <span class='ocrx_word' id='word_1_126' title='bbox 510 2127 752 2228; x_wconf 82' lang='lat' dir='ltr'><strong>ingeniorum:</strong></span> <span class='ocrx_word' id='word_1_127' title='bbox 770 2127 865 2201; x_wconf 86' lang='lat' dir='ltr'><strong>unde</strong></span> <span class='ocrx_word' id='word_1_128' title='bbox 880 2124 931 2198; x_wconf 90' lang='lat' dir='ltr'><strong>illi</strong></span> <span class='ocrx_word' id='word_1_129' title='bbox 945 2123 997 2196; x_wconf 86' lang='lat' dir='ltr'><strong>ira</strong></span> <span class='ocrx_word' id='word_1_130' title='bbox 1012 2122 1210 2214; x_wconf 82' lang='lat' dir='ltr'><strong>violentior,</strong></span> 
     </span>
     <span class='ocr_line' id='line_1_17' title="bbox 61 2238 1208 2342; baseline 0.002 -30"><span class='ocrx_word' id='word_1_131' title='bbox 61 2258 89 2313; x_wconf 90' lang='lat' dir='ltr'><strong>et</strong></span> <span class='ocrx_word' id='word_1_132' title='bbox 115 2244 272 2318; x_wconf 83' lang='lat' dir='ltr'><strong>materies</strong></span> <span class='ocrx_word' id='word_1_133' title='bbox 301 2241 518 2332; x_wconf 86' lang='lat' dir='ltr'><strong>criminandi,</strong></span> <span class='ocrx_word' id='word_1_134' title='bbox 548 2251 748 2342; x_wconf 88' lang='lat' dir='ltr'><strong>“spretum</strong></span> <span class='ocrx_word' id='word_1_135' title='bbox 776 2243 937 2316; x_wconf 87' lang='lat' dir='ltr'><strong>dolorem</strong></span> <span class='ocrx_word' id='word_1_136' title='bbox 961 2238 1130 2338; x_wconf 79' lang='lat' dir='ltr'><strong>Principis</strong></span> <span class='ocrx_word' id='word_1_137' title='bbox 1161 2239 1208 2314; x_wconf 89' lang='lat' dir='ltr'><strong>ab</strong></span> 
     </span>
     <span class='ocr_line' id='line_1_18' title="bbox 62 2345 1211 2457; baseline -0.003 -25"><span class='ocrx_word' id='word_1_138' title='bbox 62 2365 81 2400; x_wconf 79' lang='lat'><strong>‘⁴</strong></span> <span class='ocrx_word' id='word_1_139' title='bbox 102 2376 240 2451; x_wconf 71' lang='lat' dir='ltr'><strong>senatu,</strong></span> <span class='ocrx_word' id='word_1_140' title='bbox 261 2345 459 2434; x_wconf 75' lang='lat' dir='ltr'><strong>&#39;descivisse</strong></span> <span class='ocrx_word' id='word_1_141' title='bbox 485 2360 679 2457; x_wconf 88' lang='lat' dir='ltr'><strong>populum;</strong></span> <span class='ocrx_word' id='word_1_142' title='bbox 706 2359 818 2433; x_wconf 81' lang='lat' dir='ltr'><strong>audiri</strong></span> <span class='ocrx_word' id='word_1_143' title='bbox 841 2360 916 2456; x_wconf 85' lang='lat' dir='ltr'><strong>jam</strong></span> <span class='ocrx_word' id='word_1_144' title='bbox 940 2371 976 2430; x_wconf 89' lang='lat' dir='ltr'><strong>et</strong></span> <span class='ocrx_word' id='word_1_145' title='bbox 1000 2355 1072 2456; x_wconf 79' lang='lat' dir='ltr'><strong>legi</strong></span> <span class='ocrx_word' id='word_1_146' title='bbox 1098 2379 1211 2429; x_wconf 79' lang='lat' dir='ltr'><strong>novas</strong></span> 
     </span>
     <span class='ocr_line' id='line_1_19' title="bbox 61 2469 1210 2574; baseline 0.003 -26"><span class='ocrx_word' id='word_1_147' title='bbox 61 2480 81 2517; x_wconf 91' lang='lat'><strong>“</strong></span> <span class='ocrx_word' id='word_1_148' title='bbox 101 2476 296 2566; x_wconf 74' lang='lat' dir='ltr'><strong>concioneS,</strong></span> <span class='ocrx_word' id='word_1_149' title='bbox 329 2500 421 2550; x_wconf 87' lang='lat' dir='ltr'><strong>nova</strong></span> <span class='ocrx_word' id='word_1_150' title='bbox 449 2494 587 2573; x_wconf 86' lang='lat' dir='ltr'><strong>patrum</strong></span> <span class='ocrx_word' id='word_1_151' title='bbox 613 2476 791 2551; x_wconf 86' lang='lat' dir='ltr'><strong>consulta:</strong></span> <span class='ocrx_word' id='word_1_152' title='bbox 819 2474 905 2574; x_wconf 89' lang='lat' dir='ltr'><strong>quid</strong></span> <span class='ocrx_word' id='word_1_153' title='bbox 928 2471 1119 2571; x_wconf 86' lang='lat' dir='ltr'><strong>reliquum,</strong></span> <span class='ocrx_word' id='word_1_154' title='bbox 1142 2469 1210 2551; x_wconf 75' lang='lat' dir='ltr'><strong>niti</strong></span> 
     </span>
     <span class='ocr_line' id='line_1_20' title="bbox 61 2586 1210 2692; baseline 0 -27"><span class='ocrx_word' id='word_1_155' title='bbox 61 2597 136 2691; x_wconf 86' lang='lat' dir='ltr'><strong>“ut</strong></span> <span class='ocrx_word' id='word_1_156' title='bbox 163 2607 329 2692; x_wconf 81' lang='lat' dir='ltr'><strong>caperent</strong></span> <span class='ocrx_word' id='word_1_157' title='bbox 352 2589 512 2667; x_wconf 82' lang='lat' dir='ltr'><strong>ferrum?</strong></span> <span class='ocrx_word' id='word_1_158' title='bbox 537 2610 572 2667; x_wconf 88' lang='lat' dir='ltr'><strong>et</strong></span> <span class='ocrx_word' id='word_1_159' title='bbox 601 2616 754 2691; x_wconf 89' lang='lat' dir='ltr'><strong>quorum</strong></span> <span class='ocrx_word' id='word_1_160' title='bbox 780 2590 949 2690; x_wconf 80' lang='lat' dir='ltr'><strong>imagines</strong></span> <span class='ocrx_word' id='word_1_161' title='bbox 975 2613 1044 2688; x_wconf 86' lang='lat' dir='ltr'><strong>pro</strong></span> <span class='ocrx_word' id='word_1_162' title='bbox 1070 2586 1210 2665; x_wconf 75' lang='lat' dir='ltr'><strong>vexilli·</strong></span> 
     </span>
     <span class='ocr_line' id='line_1_21' title="bbox 60 2706 1038 2810; baseline -0.004 -26"><span class='ocrx_word' id='word_1_163' title='bbox 60 2712 81 2749; x_wconf 92' lang='lat'><strong>“</strong></span> <span class='ocrx_word' id='word_1_164' title='bbox 101 2710 203 2784; x_wconf 87' lang='lat' dir='ltr'><strong>secuti</strong></span> <span class='ocrx_word' id='word_1_165' title='bbox 218 2707 350 2801; x_wconf 80' lang='lat' dir='ltr'><strong>forent,</strong></span> <span class='ocrx_word' id='word_1_166' title='bbox 375 2711 482 2785; x_wconf 85' lang='lat' dir='ltr'><strong>duces</strong></span> <span class='ocrx_word' id='word_1_167' title='bbox 497 2710 791 2810; x_wconf 84' lang='lat' dir='ltr'><strong>imperatoresque</strong></span> <span class='ocrx_word' id='word_1_168' title='bbox 806 2706 1038 2808; x_wconf 78' lang='lat' dir='ltr'><strong>deligerent.&#39;&#39;</strong></span> 
     </span>
    </p>
   </div>
   <div class='ocr_carea' id='block_1_3' title="bbox 60 2941 1211 3392">
    <p class='ocr_par' dir='ltr' id='par_1_4' title="bbox 60 2941 1211 3392">
     <span class='ocr_line' id='line_1_22' title="bbox 99 2941 1208 3041; baseline 0.002 -26"><span class='ocrx_word' id='word_1_169' title='bbox 99 2954 131 3017; x_wconf 87' lang='lat'><strong>5.</strong></span> <span class='ocrx_word' id='word_1_170' title='bbox 155 2946 303 3017; x_wconf 76' lang='lat' dir='ltr'><strong>lomna</strong></span> <span class='ocrx_word' id='word_1_171' title='bbox 322 2942 455 3035; x_wconf 81' lang='lat' dir='ltr'><strong>Caesar,</strong></span> <span class='ocrx_word' id='word_1_172' title='bbox 469 2941 621 3041; x_wconf 85' lang='lat' dir='ltr'><strong>repetitis</strong></span> <span class='ocrx_word' id='word_1_173' title='bbox 636 2941 826 3018; x_wconf 76' lang='lat' dir='ltr'><strong>adversum</strong></span> <span class='ocrx_word' id='word_1_174' title='bbox 841 2956 1007 3041; x_wconf 88' lang='lat' dir='ltr'><strong>nepotem</strong></span> <span class='ocrx_word' id='word_1_175' title='bbox 1022 2955 1059 3015; x_wconf 87' lang='lat' dir='ltr'><strong>et</strong></span> <span class='ocrx_word' id='word_1_176' title='bbox 1072 2962 1208 3017; x_wconf 76' lang='lat' dir='ltr'><strong>nurum</strong></span> 
     </span>
     <span class='ocr_line' id='line_1_23' title="bbox 61 3058 1211 3159; baseline 0.002 -30"><span class='ocrx_word' id='word_1_177' title='bbox 61 3060 193 3151; x_wconf 84' lang='lat' dir='ltr'><strong>probris,</strong></span> <span class='ocrx_word' id='word_1_178' title='bbox 201 3060 440 3157; x_wconf 81' lang='lat' dir='ltr'><strong>increpitique</strong></span> <span class='ocrx_word' id='word_1_179' title='bbox 452 3084 516 3159; x_wconf 89' lang='lat' dir='ltr'><strong>per</strong></span> <span class='ocrx_word' id='word_1_180' title='bbox 528 3059 679 3133; x_wconf 88' lang='lat' dir='ltr'><strong>edictum</strong></span> <span class='ocrx_word' id='word_1_181' title='bbox 691 3059 807 3157; x_wconf 89' lang='lat' dir='ltr'><strong>plebe,</strong></span> <span class='ocrx_word' id='word_1_182' title='bbox 819 3075 962 3158; x_wconf 86' lang='lat' dir='ltr'><strong>questus</strong></span> <span class='ocrx_word' id='word_1_183' title='bbox 973 3058 1068 3156; x_wconf 88' lang='lat' dir='ltr'><strong>apud</strong></span> <span class='ocrx_word' id='word_1_184' title='bbox 1078 3074 1211 3155; x_wconf 79' lang='lat' dir='ltr'><strong>patres,</strong></span> 
     </span>
     <span class='ocr_line' id='line_1_24' title="bbox 60 3172 1207 3275; baseline -0.001 -28"><span class='ocrx_word' id='word_1_185' title='bbox 60 3178 80 3214; x_wconf 89' lang='lat'><strong>“</strong></span> <span class='ocrx_word' id='word_1_186' title='bbox 101 3178 193 3271; x_wconf 84' lang='lat' dir='ltr'><strong>qubd</strong></span> <span class='ocrx_word' id='word_1_187' title='bbox 215 3174 340 3249; x_wconf 85' lang='lat' dir='ltr'><strong>fraude</strong></span> <span class='ocrx_word' id='word_1_188' title='bbox 367 3174 469 3248; x_wconf 88' lang='lat' dir='ltr'><strong>unius</strong></span> <span class='ocrx_word' id='word_1_189' title='bbox 495 3176 660 3250; x_wconf 86' lang='lat' dir='ltr'><strong>senatoris</strong></span> <span class='ocrx_word' id='word_1_190' title='bbox 685 3174 906 3275; x_wconf 81' lang='lat' dir='ltr'><strong>imperatoria</strong></span> <span class='ocrx_word' id='word_1_191' title='bbox 926 3176 1084 3273; x_wconf 80' lang='lat' dir='ltr'><strong>majestas</strong></span> <span class='ocrx_word' id='word_1_192' title='bbox 1109 3172 1207 3246; x_wconf 87' lang='lat' dir='ltr'><strong>elusa</strong></span> 
     </span>
     <span class='ocr_line' id='line_1_25' title="bbox 60 3287 1205 3392; baseline 0 -29"><span class='ocrx_word' id='word_1_193' title='bbox 60 3294 81 3329; x_wconf 80' lang='lat'><strong>‘⁴</strong></span> <span class='ocrx_word' id='word_1_194' title='bbox 101 3292 235 3387; x_wconf 67' lang='lat' dir='ltr'><strong>publice</strong></span> <span class='ocrx_word' id='word_1_195' title='bbox 252 3290 357 3381; x_wconf 83' lang='lat' dir='ltr'><strong>foret,</strong></span> <span class='ocrx_word' id='word_1_196' title='bbox 374 3290 508 3392; x_wconf 83' lang='lat' dir='ltr'><strong>integra</strong></span> <span class='ocrx_word' id='word_1_197' title='bbox 524 3308 639 3365; x_wconf 89' lang='lat' dir='ltr'><strong>tamen</strong></span> <span class='ocrx_word' id='word_1_198' title='bbox 656 3291 720 3365; x_wconf 84' lang='lat' dir='ltr'><strong>sibi</strong></span> <span class='ocrx_word' id='word_1_199' title='bbox 737 3290 887 3365; x_wconf 79' lang='lat' dir='ltr'><strong>cunctn”</strong></span> <span class='ocrx_word' id='word_1_200' title='bbox 905 3287 1111 3388; x_wconf 77' lang='lat' dir='ltr'><strong>postulavit:</strong></span> <span class='ocrx_word' id='word_1_201' title='bbox 1137 3310 1205 3363; x_wconf 81' lang='lat' dir='ltr'><strong>nec</strong></span> 
     </span>
    </p>
   </div>
   <div class='ocr_carea' id='block_1_4' title="bbox 60 3402 1345 3517">
    <p class='ocr_par' dir='ltr' id='par_1_5' title="bbox 60 3402 1345 3517">
     <span class='ocr_line' id='line_1_26' title="bbox 60 3402 1345 3517; baseline 0.005 -44"><span class='ocrx_word' id='word_1_202' title='bbox 60 3402 137 3479; x_wconf 79' lang='lat' dir='ltr'><strong>ultra</strong></span> <span class='ocrx_word' id='word_1_203' title='bbox 160 3408 402 3496; x_wconf 75' lang='lat' dir='ltr'><strong>deliberatum,</strong></span> <span class='ocrx_word' id='word_1_204' title='bbox 428 3406 632 3506; x_wconf 83' lang='lat' dir='ltr'><strong>quomimis,</strong></span> <span class='ocrx_word' id='word_1_205' title='bbox 656 3430 729 3481; x_wconf 91' lang='lat' dir='ltr'><strong>non</strong></span> <span class='ocrx_word' id='word_1_206' title='bbox 756 3404 898 3503; x_wconf 88' lang='lat' dir='ltr'><strong>quidem</strong></span> <span class='ocrx_word' id='word_1_207' title='bbox 914 3421 1072 3479; x_wconf 83' lang='lat' dir='ltr'><strong>extrema</strong></span> <span class='ocrx_word' id='word_1_208' title='bbox 1086 3402 1207 3479; x_wconf 83' lang='lat' dir='ltr'><strong>decer-</strong></span> <span class='ocrx_word' id='word_1_209' title='bbox 1339 3501 1345 3517; x_wconf 91' lang='lat'>.</span> 
     </span>
    </p>
   </div>
   <div class='ocr_carea' id='block_1_5' title="bbox 59 3518 1205 3863">
    <p class='ocr_par' dir='ltr' id='par_1_6' title="bbox 59 3518 1205 3863">
     <span class='ocr_line' id='line_1_27' title="bbox 61 3518 1205 3620; baseline 0.003 -31"><span class='ocrx_word' id='word_1_210' title='bbox 61 3541 179 3617; x_wconf 85' lang='lat' dir='ltr'><strong>nerent,</strong></span> <span class='ocrx_word' id='word_1_211' title='bbox 208 3524 245 3597; x_wconf 92' lang='lat' dir='ltr'><strong>id</strong></span> <span class='ocrx_word' id='word_1_212' title='bbox 279 3524 372 3597; x_wconf 88' lang='lat' dir='ltr'><strong>euim</strong></span> <span class='ocrx_word' id='word_1_213' title='bbox 402 3526 559 3614; x_wconf 89' lang='lat' dir='ltr'><strong>vetitum,</strong></span> <span class='ocrx_word' id='word_1_214' title='bbox 594 3524 654 3599; x_wconf 87' lang='lat' dir='ltr'><strong>sed</strong></span> <span class='ocrx_word' id='word_1_215' title='bbox 682 3532 862 3620; x_wconf 86' lang='lat' dir='ltr'><strong>“paratos</strong></span> <span class='ocrx_word' id='word_1_216' title='bbox 894 3521 940 3611; x_wconf 83' lang='lat' dir='ltr'><strong>ad</strong></span> <span class='ocrx_word' id='word_1_217' title='bbox 972 3518 1141 3594; x_wconf 84' lang='lat' dir='ltr'><strong>ultionem</strong></span> <span class='ocrx_word' id='word_1_218' title='bbox 1169 3518 1205 3592; x_wconf 88' lang='lat' dir='ltr'><strong>vi</strong></span> 
     </span>
     <span class='ocr_line' id='line_1_28' title="bbox 62 3634 1203 3739; baseline 0 -27"><span class='ocrx_word' id='word_1_219' title='bbox 62 3638 261 3739; x_wconf 81' lang='lat' dir='ltr'><strong>“Principis</strong></span> <span class='ocrx_word' id='word_1_220' title='bbox 298 3638 482 3739; x_wconf 83' lang='lat' dir='ltr'><strong>impediri”</strong></span> <span class='ocrx_word' id='word_1_221' title='bbox 522 3656 752 3717; x_wconf 83' lang='lat' dir='ltr'><strong>testarentur:</strong></span> <span class='ocrx_word' id='word_1_222' title='bbox 794 3637 880 3718; x_wconf 85' lang='lat' dir='ltr'><strong>olim</strong></span> <span class='ocrx_word' id='word_1_223' title='bbox 917 3636 962 3719; x_wconf 73' lang='lat' dir='ltr'><strong>ad</strong></span> <span class='ocrx_word' id='word_1_224' title='bbox 999 3634 1203 3713; x_wconf 83' lang='lat' dir='ltr'><strong>servitutem</strong></span> 
     </span>
     <span class='ocr_line' id='line_1_29' title="bbox 59 3754 460 3863; baseline 0.022 -39"><span class='ocrx_word' id='word_1_225' title='bbox 59 3754 169 3845; x_wconf 87' lang='lat' dir='ltr'><strong>proni,¹</strong></span> <span class='ocrx_word' id='word_1_226' title='bbox 194 3778 289 3833; x_wconf 87' lang='lat' dir='ltr'><strong>nunc</strong></span> <span class='ocrx_word' id='word_1_227' title='bbox 305 3756 460 3863; x_wconf 86' lang='lat' dir='ltr'><strong>projecti.</strong></span> 
     </span>
    </p>
   </div>
   <div class='ocr_carea' id='block_1_6' title="bbox 60 3953 1202 4228">
    <p class='ocr_par' dir='ltr' id='par_1_7' title="bbox 60 3953 1202 4228">
     <span class='ocr_line' id='line_1_30' title="bbox 99 3953 1202 4093; baseline 0.003 -31"><span class='ocrx_word' id='word_1_228' title='bbox 99 3997 130 4062; x_wconf 89' lang='lat'><strong>6.</strong></span> <span class='ocrx_word' id='word_1_229' title='bbox 155 3994 341 4083; x_wconf 75' lang='lat' dir='ltr'><strong>susurrus,</strong></span> <span class='ocrx_word' id='word_1_230' title='bbox 365 3990 432 4069; x_wconf 78' lang='lat' dir='ltr'><strong>hnc</strong></span> <span class='ocrx_word' id='word_1_231' title='bbox 448 3990 617 4093; x_wconf 84' lang='lat' dir='ltr'><strong>Principis</strong></span> <span class='ocrx_word' id='word_1_232' title='bbox 633 4010 667 4068; x_wconf 88' lang='lat' dir='ltr'><strong>et</strong></span> <span class='ocrx_word' id='word_1_233' title='bbox 683 3990 825 4069; x_wconf 73' lang='lat' dir='ltr'><strong>senatis</strong></span> <span class='ocrx_word' id='word_1_234' title='bbox 848 3953 1067 4064; x_wconf 80' lang='lat' dir='ltr'><strong>inclinatione</strong></span> <span class='ocrx_word' id='word_1_235' title='bbox 1088 3981 1202 4065; x_wconf 81' lang='lat' dir='ltr'><strong>factus</strong></span> 
     </span>
     <span class='ocr_line' id='line_1_31' title="bbox 60 4104 1201 4228; baseline 0.002 -50"><span class='ocrx_word' id='word_1_236' title='bbox 60 4104 214 4201; x_wconf 81' lang='lat' dir='ltr'><strong>audacior,</strong></span> <span class='ocrx_word' id='word_1_237' title='bbox 237 4110 302 4187; x_wconf 84' lang='lat' dir='ltr'><strong>nisi</strong></span> <span class='ocrx_word' id='word_1_238' title='bbox 317 4126 435 4228; x_wconf 82' lang='lat' dir='ltr'><strong>tamen</strong></span> <span class='ocrx_word' id='word_1_239' title='bbox 450 4108 616 4187; x_wconf 86' lang='lat' dir='ltr'><strong>intestinis</strong></span> <span class='ocrx_word' id='word_1_240' title='bbox 628 4107 807 4189; x_wconf 78' lang='lat' dir='ltr'><strong>discordiis</strong></span> <span class='ocrx_word' id='word_1_241' title='bbox 822 4122 1049 4209; x_wconf 78' lang='lat' dir='ltr'><strong>grassaretur,</strong></span> <span class='ocrx_word' id='word_1_242' title='bbox 1060 4126 1201 4205; x_wconf 86' lang='lat' dir='ltr'><strong>semper</strong></span> 
     </span>
    </p>
   </div>
   <div class='ocr_carea' id='block_1_7' title="bbox 64 4299 1198 4555">
    <p class='ocr_par' dir='ltr' id='par_1_8' title="bbox 64 4299 1198 4555">
     <span class='ocr_line' id='line_1_32' title="bbox 95 4299 1198 4397; baseline -0.005 -28"><span class='ocrx_word' id='word_1_243' title='bbox 95 4299 418 4397; x_wconf 74' lang='lat' dir='ltr'><strong>&#39;Olinodseroitutoo</strong></span> <span class='ocrx_word' id='word_1_244' title='bbox 429 4312 525 4393; x_wconf 81' lang='lat' dir='ltr'><strong>proni.</strong></span> <span class='ocrx_word' id='word_1_245' title='bbox 556 4312 592 4371; x_wconf 87' lang='lat' dir='ltr'><strong>C.</strong></span> <span class='ocrx_word' id='word_1_246' title='bbox 644 4314 757 4373; x_wconf 88' lang='lat' dir='ltr'><strong>utinam</strong></span> <span class='ocrx_word' id='word_1_247' title='bbox 767 4308 954 4389; x_wconf 62' lang='lat' dir='ltr'><strong>quanticum</strong></span> <span class='ocrx_word' id='word_1_248' title='bbox 966 4308 1092 4376; x_wconf 67' lang='lat' dir='ltr'><strong>historie</strong></span> <span class='ocrx_word' id='word_1_249' title='bbox 1102 4324 1198 4367; x_wconf 78' lang='lat' dir='ltr'><strong>neces·</strong></span> 
     </span>
     <span class='ocr_line' id='line_1_33' title="bbox 64 4378 1188 4471; baseline 0.012 -33"><span class='ocrx_word' id='word_1_250' title='bbox 64 4378 173 4445; x_wconf 71' lang='lat' dir='ltr'><strong>Cornelii</strong></span> <span class='ocrx_word' id='word_1_251' title='bbox 194 4392 288 4453; x_wconf 87' lang='lat' dir='ltr'><strong>Taciti</strong></span> <span class='ocrx_word' id='word_1_252' title='bbox 311 4394 437 4453; x_wconf 76' lang='lat' dir='ltr'><strong>Annales</strong></span> <span class='ocrx_word' id='word_1_253' title='bbox 458 4390 593 4471; x_wconf 87' lang='lat' dir='ltr'><strong>supplere</strong></span> <span class='ocrx_word' id='word_1_254' title='bbox 641 4396 737 4467; x_wconf 65' lang='lat' dir='ltr'><strong>nitate,</strong></span> <span class='ocrx_word' id='word_1_255' title='bbox 758 4392 840 4453; x_wconf 73' lang='lat' dir='ltr'><strong>tanti</strong></span> <span class='ocrx_word' id='word_1_256' title='bbox 852 4412 923 4453; x_wconf 83' lang='lat' dir='ltr'><strong>cum</strong></span> <span class='ocrx_word' id='word_1_257' title='bbox 935 4390 1022 4455; x_wconf 82' lang='lat' dir='ltr'><strong>laude</strong></span> <span class='ocrx_word' id='word_1_258' title='bbox 1034 4408 1188 4469; x_wconf 71' lang='lat' dir='ltr'><strong>essequam</strong></span> 
     </span>
     <span class='ocr_line' id='line_1_34' title="bbox 65 4468 594 4555; baseline -0.013 -16"><span class='ocrx_word' id='word_1_259' title='bbox 65 4468 201 4539; x_wconf 72' lang='lat' dir='ltr'><strong>ailretlior.</strong></span> <span class='ocrx_word' id='word_1_260' title='bbox 243 4476 326 4555; x_wconf 85' lang='lat' dir='ltr'><strong>Opus</strong></span> <span class='ocrx_word' id='word_1_261' title='bbox 348 4478 490 4537; x_wconf 78' lang='lat' dir='ltr'><strong>arduum:</strong></span> <span class='ocrx_word' id='word_1_262' title='bbox 513 4472 594 4553; x_wconf 88' lang='lat' dir='ltr'><strong>quod</strong></span> 
     </span>
    </p>
   </div>
   <div class='ocr_carea' id='block_1_8' title="bbox 0 0 1434 4950">
    <p class='ocr_par' dir='ltr' id='par_1_9' title="bbox 0 0 1434 4950">
     <span class='ocr_line' id='line_1_35' title="bbox 0 0 1434 4950; baseline 0 3"><span class='ocrx_word' id='word_1_263' title='bbox 0 0 1434 4950; x_wconf 95' lang='lat' dir='ltr'><strong> </strong></span> 
     </span>
    </p>
   </div>
  </div>
 </body>
</html>
