2859 4950
255 318 295 391 96
626 316 661 373 C.
684 310 883 376 connata
902 309 1042 371 utetur

310 488 366 549 13.
395 476 467 547 lest
486 468 641 545 Britanni
658 470 845 557 delectum,
870 470 911 541 ae
927 468 1066 569 tributa,
1083 488 1118 544 et
1134 468 1282 569 injuncta
1295 467 1385 567 impe·

256 593 297 667 rii
314 612 458 665 munera
473 586 619 684 impigre
637 587 779 671 obeunt,
796 585 968 681 siinjuriae
985 587 1110 659 absint:
1135 587 1198 659 has
1212 584 1302 685 aegre
1317 586 1386 659 tole·

259 724 349 796 rant,
371 709 442 805 jam
469 703 588 777 domiti
610 718 647 773 ut
671 719 825 797 pareant,
850 702 1006 773 noudum
1022 702 1070 773 'ut
1091 703 1249 775 servierit.
1295 701 1387 799 Igitur

257 823 389 920 primus
416 820 570 895 omnium
596 818 838 891 Romanorum
868 817 967 889 divus
988 817 1119 891 Julius¹
1146 842 1229 890 cum
1253 817 1386 889 exercitu

258 937 469 1011 Britanniam
496 934 682 1032 ingressus,
709 956 919 1029 quamquam
934 931 1100 1028 prosperi
1115 932 1235 1032 pugni
1249 933 1387 1005 terruerit

257 1052 398 1141 incolaS,
424 1078 462 1124 ac
487 1051 600 1123 littore
617 1048 745 1145 potitus
761 1048 816 1136 sit,
841 1064 952 1144 potest
968 1049 1076 1120 uideri
1090 1050 1276 1123 ostendisse
1296 1065 1388 1145 poste·

257 1170 316 1257 ris,
341 1192 413 1241 non
438 1163 625 1238 tradidisse.
677 1165 770 1235 Mox
795 1164 886 1235 bella
912 1163 1034 1253 civilia,
1057 1182 1090 1237 et
1107 1164 1144 1237 in
1160 1165 1388 1262 rempublicam

257 1310 355 1357 versa
370 1280 569 1376 Principum
592 1306 699 1369 arma,
725 1304 765 1353 ac
783 1280 887 1377 longa
903 1278 1029 1351 oblivio
1047 1280 1233 1354 Britanniae
1255 1280 1348 1385 etiam
1361 1280 1402 1349 in'

257 1424 352 1497 pace.
396 1405 421 1441 ‘⁶
441 1397 633 1469 Consilium
644 1398 668 1429 '³
683 1400 694 1429 ²
712 1396 748 1469 id
765 1396 864 1469 divus
881 1400 1062 1491 Augustus
1077 1397 1235 1486 vocabat,
1250 1395 1390 1469 Tiberias

258 1522 283 1559 ‘⁶
308 1516 558 1611 praeceptum.”
611 1511 773 1611 Agitisse
799 1511 924 1585 Caium
951 1514 1147 1585 Caesarem³
1176 1514 1222 1585 de
1250 1510 1389 1584 intrandi

255 1628 431 1703 Britanniai
448 1629 525 1700 satis
538 1644 683 1716 constat,
699 1628 736 1697 ni
752 1627 855 1699 velox
871 1626 1023 1725 ingeni0,
1039 1627 1175 1700 mobilis
1191 1624 1388 1724 poenitentii,

254 1762 288 1817 et
315 1745 469 1843 ingentes
487 1745 652 1816 adversim
667 1742 891 1815 Germaniam
914 1749 1080 1815 conatus⁴
1104 1741 1234 1817 frustra
1254 1742 1388 1815 fuissent.

255 1861 368 1932 Divus
387 1858 553 1932 Claudius
570 1876 689 1931 auctor
706 1858 845 1954 operis‚⁵
870 1857 1067 1931 transvectis
1093 1859 1286 1957 legionibus
1313 1857 1390 1931 auxi·

257 1974 390 2069 liisque,
425 1990 459 2045 et
485 1975 643 2045 adsumto
670 1974 705 2044 in
733 1992 865 2070 partem
890 2000 1008 2047 rerum
1034 1970 1290 2071 Vespasianoz⁶
1313 1974 1391 2073 quod

256 2088 390 2161 initium
419 2106 573 2163 venturae
598 2116 681 2161 mox
708 2088 859 2165 fortunae
882 2090 968 2163 fuit:
995 2090 1135 2165 domitae
1161 2109 1296 2190 genteS,
1320 2088 1391 2185 capti

253 2222 425 2305 regeS‚‘et
441 2224 654 2281 monstratus
671 2204 748 2279 fatis
761 2206 1008 2303 Vespasianus.

308 2448 363 2510 14.
393 2436 689 2512 Consuanniun
708 2437 839 2536 primus
856 2436 970 2512 Aulus
987 2436 1163 2514 Plautius⁷
1186 2437 1392 2538 praepositus,

253 2575 292 2624 ac
310 2552 454 2626 subinde
467 2556 626 2628 Ostorius
637 2552 810 2654 Scapula,⁸
827 2572 972 2652 uterque
988 2555 1081 2627 bello
1094 2555 1274 2654 egregius:
1292 2558 1392 2629 redac-

296 2843 305 2872 ¹
329 2847 422 2906 Diuus
444 2851 548 2910 Juliaen.
589 2854 687 2912 Julius
710 2857 806 2913 Castra
859 2875 921 2913 curu
946 2867 976 2914 et
992 2855 1158 2931 uectigalem
1180 2855 1286 2916 habere
1308 2855 1394 2914 voluit.

256 2927 432 2988 Britanniam
444 2933 803 3006 bisingrossnst·strl.l..l'.
859 2937 933 2993 l'ide
949 2938 1125 3006 Strabnrtam,
1145 2937 1202 2994 loc.
1215 2941 1268 2996 cit.

255 3005 314 3074 699
326 3023 353 3066 et
364 3016 432 3075 700.
458 3012 522 3069 llaic
538 3017 571 3070 de
586 3036 613 3070 re
629 3017 712 3092 plura
726 3019 804 3091 aptul

255 3093 432 3158 Strabonem,
447 3093 522 3151 libr.
538 3113 580 3150 tv.
595 3117 622 3170 p.
642 3103 706 3155 138.
731 3099 805 3156 l'irle

255 3171 389 3246 etipsum
405 3175 555 3242 (fusuram,
577 3175 648 3233 tull.
665 3177 804 3238 Gallia.

254 3257 303 3310 22.
326 3270 354 3308 a.
375 3259 455 3338 alfiae
479 3254 609 3326 Diouem,
633 3277 755 3316 xxxix.
777 3279 805 3336 p.

256 3338 322 3388 tlt.
339 3351 382 3390 xi.
407 3333 520 3408 p.'l‘2‘.‘.

294 3409 306 3434 ²
336 3413 496 3474 Consiliator.
538 3417 688 3474 ubstnuro
708 3417 727 3474 ia
745 3418 806 3474 llri·

254 3491 361 3557 tunniti,
389 3509 417 3548 ut
439 3496 550 3572 imperii
575 3497 642 3554 finos
666 3517 805 3566 coercere,

204 3599 209 3608 ·
254 3571 283 3626 id
312 3571 462 3631 cotrslliunr
493 3581 613 3636 incubat
639 3582 804 3651 Augustus:

254 3651 289 3708 de
302 3672 361 3728 quo
373 3653 492 3710 consilio
513 3657 623 3718 dietum
644 3679 732 3734 supra
745 3664 806 3716 iln-

254 3732 310 3790 nal.
334 3751 356 3790 1.
377 3741 423 3792 ll.
463 3735 603 3806 'libarius¹
624 3739 673 3813 qui
694 3761 726 3796 sn
743 3743 806 3798 ilu-

252 3813 326 3886 gusti
344 3815 620 3874 obseruantiasimum
640 3820 805 3886 simulabat,

898 3012 909 3045 ³
932 3017 1028 3076 Caium
1049 3017 1192 3076 Casuram.
1233 3016 1395 3094 Caligulam.

859 3098 933 3154 vine
946 3098 1049 3173 Suppl.
1060 3097 1166 3156 ilunal.
1177 3115 1251 3154 vm.
1266 3105 1304 3157 35
1314 3112 1395 3168 etseq.

898 3175 913 3209 ⁴
933 3177 1078 3235 Aduersus
1089 3177 1270 3236 Germaniam
1284 3186 1395 3238 conatui.

859 3251 1058 3336 l'idu'Suppl.
1086 3257 1191 3318 Arriial.
1218 3277 1293 3316 ant.
1319 3267 1354 3318 92
1372 3269 1396 3313 et

858 3361 916 3449 wi·
932 3421 1040 3477 Auclor
1055 3422 1164 3496 raperis.
1205 3420 1283 3478 l'ide
1307 3415 1395 3496 Suppl.

861 3501 964 3558 anun.
980 3519 1026 3556 tu.
1041 3507 1079 3558 50
1091 3516 1190 3577 etseq.

863 3666 875 3690 Γ
898 3573 911 3608 ⁶
934 3581 1113 3658 Vespasiano.
1154 3581 1231 3640 lbid.
1252 3601 1317 3659 cap.
1330 3585 1396 3638 54&

859 3667 910 3770 ³85
924 3742 1016 3800 Aulus
1030 3743 1171 3803 Plautius.
1193 3742 1268 3800 lbid.
1280 3761 1344 3818 cap.
1356 3743 1397 3798 58.

860 3822 905 3878 Dc
918 3822 961 3878 his
975 3823 1097 3902 aliisque
1111 3825 1266 3882 Britanniae
1284 3820 1396 3900 prasidi·

252 3907 427 3974 praeoptant
452 3897 625 3980 appellabat.
658 3901 732 3956 l'idu
746 3905 805 3958 An·
858 3903 911 3958 bus
931 3902 995 3960 uide
1013 3916 1074 3960 not.
1086 3917 1115 3962 et
1134 3904 1396 3962 emendantium

252 3971 309 4028 nal.
329 3991 352 4030 1.
374 3979 422 4039 ῖῖ.
463 3979 524 4036 Cur
549 3979 615 4048 tarn
640 3979 668 4034 id
691 3981 802 4041 <ausilii
857 3983 1012 4057 Agricola,
1032 4004 1097 4062 cap.
1111 3991 1138 4042 8.

186 4093 189 4099 .
251 4053 400 4128 agitaverit
415 4058 563 4130 Augustus
585 4061 668 4116 docet
691 4063 802 4131 Strabo,
900 4057 1064 4122 'Ostorius
1094 4063 1225 4142 Scapula.
1278 4065 1325 4122 De
1347 4073 1396 4134 qua

252 4133 330 4222 Liba
345 4153 381 4192 lt.
401 4155 430 4211 p.
454 4146 502 4206 79.
516 4149 544 4196 at
559 4157 598 4200 tv.
616 4159 644 4216 p.
662 4147 727 4200 138.
748 4143 800 4198 sri—
856 4162 944 4220 supra
959 4146 1064 4202 :lunal
1080 4164 1143 4205 utu.
1155 4152 1205 4204 31.
1246 4145 1338 4219 Prope
1359 4157 1396 4195 ur·

250 4211 318 4270 licet
361 4215 404 4298 lus
427 4219 618 4294 impensarum
639 4221 803 4286 l'oreiudo·
859 4227 921 4281 bern
946 4225 1099 4295 llerrtiird,
1125 4227 1155 4284 in
1177 4221 1396 4303 Hcrqordsliru

212 4311 215 4318 ·
249 4235 357 4354 mandi
380 4307 420 4354 =et
456 4300 601 4358 rniitnnlu
644 4302 802 4375 llritannnl,
857 4298 1048 4382 par‘dcluique
1067 4307 1189 4378 Dindcr,
1208 4317 1289 4367 extat
1311 4302 1396 4362 adluat

248 4374 336 4464 quam
359 4379 490 4442 utilitatis
504 4381 531 4436 iu
544 4382 709 4456 pussiumut
727 4385 800 4440 euis-
855 4401 981 4443 castrum
1028 4388 1191 4446 Romanum
1230 4385 1395 4465 appellatura

249 4458 379 4518 irritabat.
410 4461 511 4537 ltaque
525 4483 587 4522 eum
601 4463 713 4540 talutium
726 4467 800 4524 anui·
856 4467 1049 4542 Ouarar-Hill,
1073 4471 1111 4528 ab
1131 4467 1248 4530 Ostorio
1267 4457 1395 4545 Scopuli!
