2859 4950
1366 141 1367 205 l

1064 280 1066 285 ·
1155 279 1338 341 nucum.
1367 225 1368 279 i

224 289 283 345 510
332 340 336 350 ,
689 279 903 341 APPENDlX

277 424 337 513 35.
362 440 538 511 Trnrsns
562 434 693 509 efferati
717 433 828 511 Judaei
854 458 916 531 per
941 456 1019 509 suns
1040 448 1168 533 strages
1192 452 1342 532 regnunt,

227 553 339 644 ferro,
355 552 508 642 flammi,
524 571 710 641 tectomm,
736 574 932 640 murorum,
957 574 1125 649 aggerum
1149 550 1344 623 subversioni
1371 567 1372 631 l

229 674 296 748 bus
310 672 489 743 Romanos
504 668 618 759 obrui,
631 668 725 743 auti
742 666 872 765 templo
889 664 996 741 averti
1012 690 1112 763 posse
1127 664 1261 762 opinati.
1293 666 1346 739 He

229 786 319 861 inter
339 786 468 875 ruinas,
484 785 808 884 flammantibusque
824 782 1036 881 porticibus,¹
1062 782 1172 887 patuit
1196 779 1348 879 magnifiee
1373 788 1375 865 i

233 1076 269 1136 lis
282 1079 361 1136 snnis
374 1077 663 1158 disseptimsdecimb
677 1076 777 1136 mensis

233 1160 344 1217 Tamus
377 1160 472 1219 Judrei
503 1158 645 1221 recolunt.
685 1160 778 1219 lmmo

233 1237 306 1297 inter
326 1243 401 1317 ipsos
422 1244 462 1318 pii
483 1240 601 1319 plurimi
621 1241 640 1299 h
660 1226 705 1299 die
727 1238 779 1301 illl

232 1321 466 1399 septimadecimsi
489 1322 600 1379 'l'smuz
632 1324 668 1379 nd
702 1320 777 1379 diem

181 1444 188 1455 .
235 1418 340 1461 nomm
360 1404 463 1461 mensis
483 1406 541 1473 Ab,
561 1400 621 1479 qui
640 1404 777 1478 obprimi

234 1480 409 1557 secundique
436 1484 534 1561 templi
560 1484 675 1542 excidis
701 1484 780 1559 jeju·

235 1564 315 1621 nium
329 1578 378 1632 est,
401 1564 535 1622 carnibus
554 1566 678 1641 vinoque
694 1564 779 1621 absti-

235 1656 313 1703 nent.
353 1645 460 1703 Omnes
471 1646 545 1703 enim
566 1644 610 1703 illi
630 1645 689 1703 dies
701 1642 778 1721 genti

235 1724 315 1785 fuere
327 1726 542 1785 luctuosissimi.
584 1726 670 1784 Erret
682 1742 779 1784 sutem

235 1806 341 1886 loseph
366 1806 613 1878 Gorionides,v1.
636 1815 686 1867 48.
710 1808 779 1863 cum

236 1886 298 1944 baec
308 1886 426 1944 renubit
438 1888 474 1944 ad
487 1888 561 1945 diem
576 1887 677 1946 festum
690 1886 780 1963 Septi·

236 1986 396 2036 msnsrum,
408 1987 458 2025 seu
478 1970 668 2039 Pentecostes,
686 1970 781 2037 idest,

237 2046 312 2104 diem
327 2054 357 2105 3.
373 2049 474 2105 mensis
489 2048 507 2107 J
512 2050 582 2107 unii.
624 2048 690 2127 lpsb
707 2048 782 2105 obsi·

238 2127 330 2185 dionis
346 2128 534 2205 descriptione
548 2129 614 2187 satis
631 2132 781 2188 refutatur.

237 2208 328 2277 Quod
339 2223 435 2267 sutem
447 2224 558 2287 spectat
570 2213 605 2265 nu
620 2212 685 2278 iuge
697 2212 783 2267 sacri·

238 2289 349 2361 licium,
357 2289 375 2347 J
379 2290 467 2346 udaeis
475 2296 564 2355 'mn
575 2271 649 2361 1751?
661 2293 783 2361 dictum,

240 2371 301 2445 eJus
322 2369 394 2445 leges
414 2371 541 2447 ritusque
553 2372 636 2429 ducet
659 2372 783 2449 Moyses,

241 2448 331 2509 Num.
348 2468 463 2509 xxrnr.
478 2456 496 2510 3
510 2462 609 2530 etseq.
635 2452 706 2512 Her
719 2460 784 2510 sunt

240 2532 390 2608 sacrificia,
399 2553 459 2609 qua
470 2535 573 2606 effare
584 2535 707 2592 debetis:
724 2537 784 2609 Ag-

241 2631 292 2672 nos
328 2613 471 2670 anniculos
498 2614 687 2671 immaculatos
716 2615 785 2670 aluos

140 2701 144 2708 ’
240 2694 364 2770 qnotidie
385 2694 412 2748 in
434 2693 621 2752 holocaustum
643 2695 785 2770 sempiter-

242 2791 314 2830 num.
357 2773 451 2830 Unum
463 2775 587 2847 efferetis
596 2772 687 2844 mane,
703 2783 732 2832 et
746 2775 787 2833 al-

242 2861 332 2910 terum
350 2856 389 2910 ori
404 2873 556 2927 vesperum,
577 2855 707 2914 decimam
720 2875 786 2933 par-

241 2943 296 2991 tem
309 2933 371 3008 epti
390 2933 495 3004 unita,
515 2953 578 3012 quai¹
589 2955 736 3013 conspersa
749 2937 787 2993 sit

242 3015 302 3073 oleo
312 3013 471 3089 purissimo,
492 3023 525 3071 et
540 3016 639 3074 labent
656 3025 785 3094 quartam

240 3102 349 3175 partun
376 3095 432 3151 lin.
486 3093 687 3154 Holocaustnnr
711 3099 788 3174 juge

242 3184 295 3244 est,
315 3175 389 3252 quod
407 3173 548 3235 obtulistis
560 3177 589 3234 in
603 3187 694 3234 monte
707 3177 789 3234 Sinai

242 3258 274 3316 in
291 3257 416 3318 ,odorem
451 3256 641 3315 suavissimum
684 3257 789 3315 incensi

245 3337 370 3396 Domini.
404 3335 587 3414 Alternisque
599 3357 701 3414 agnum
714 3338 789 3395 sirni-

203 3438 207 3447 ’
244 3418 312 3476 liter
332 3417 456 3494 efferetis
477 3418 514 3474 ud
533 3437 683 3495 tresperam,
696 3421 788 3494 jueta

244 3517 348 3555 omnm
362 3498 446 3554 ritum
459 3498 594 3574 sacrificii
607 3499 747 3570 matutini,
762 3505 789 3556 et

245 3578 453 3636 libamentorum
468 3579 537 3653 ejus,
551 3580 716 3637 oblationem
728 3599 789 3637 sua·

244 3657 350 3716 vmsirni
369 3657 463 3715 odoris
490 3657 621 3718 Domino.
661 3657 791 3718 Cr‘ssbsse

245 3737 421 3795 sacrificium
427 3737 547 3811 penuria
557 3739 690 3804 uirorum,
699 3734 791 3819 brigein

832 1077 964 1154 estnpud
985 1075 1142 1155 Josephum
1164 1074 1245 1149 ibid.¹
1274 1074 1350 1132 Potius
1377 1079 1378 1129 l

832 1160 999 1218 crediderim
1033 1152 1158 1215 cauisse
1195 1156 1352 1225 sacrificium,
1378 1163 1379 1239 l

833 1240 912 1315 quiid
933 1242 962 1297 in
987 1238 1030 1297 hls
1050 1236 1217 1309 sceleribus,
1241 1238 1353 1309 caedibrn,
1379 1249 1380 1311 l

834 1320 1058 1397 impuritatibus,
1079 1318 1187 1396 quibus
1210 1331 1268 1377 tum
1290 1316 1354 1375 iodr-
1380 1335 1381 1377 l

834 1404 918 1459 batur
932 1402 1081 1479 templum,
1096 1395 1171 1457 nulli
1192 1398 1290 1456 luerim
1309 1396 1354 1474 pun
1381 1419 1382 1461 l

833 1483 982 1561 sanctique
1014 1482 1183 1550 sacerdotes,
1217 1480 1267 1559 qui
1301 1478 1355 1537 illul
1382 1505 1383 1547 r

833 1566 974 1623 oberrent.
1383 1591 1384 1605 .

875 1722 884 1751 ¹
913 1725 1185 1801 flammantibusque
1218 1725 1357 1801 partitibus.

834 1806 929 1864 Judrri
960 1810 1005 1863 die
1033 1810 1159 1865 secundo
1185 1818 1215 1865 et
1248 1806 1358 1863 vicesimo

836 1887 936 1944 mensis
960 1888 1085 1957 l‘anemi,
1104 1888 1136 1944 id
1156 1898 1210 1953 est,
1233 1892 1278 1958 19.
1296 1885 1359 1953 iulii,

834 1968 963 2044 porticus
989 1968 1100 2045 templi,
1124 1982 1192 2045 quae
1215 1969 1235 2025 b
1258 1968 1362 2043 Septem-

836 2050 927 2107 trione
951 2064 979 2105 et
1006 2050 1122 2107 Occasu
1150 2051 1224 2107 turri
1251 2048 1361 2107 Antonin

837 2140 918 2186 erant
931 2130 1104 2205 conjunctae,
1118 2129 1311 2187 incenderunt.
1329 2128 1363 2185 Bi·

838 2210 897 2267 ‹luo
910 2210 984 2287 prist,
1004 2222 1107 2284 quarto
1121 2218 1149 2265 et
1170 2211 1301 2269 rice-simo
1312 2228 1364 2287 pre

840 2290 909 2348 dicti
935 2291 1044 2355 mensis,
1071 2291 1137 2367 peel
1165 2284 1189 2345 δ’
1215 2290 1304 2371 insigne
1325 2284 1362 2353 tt,

842 2368 949 2449 πτιίςτῃ
976 2372 1022 2426 sel
1042 2364 1122 2427 siniit
1150 2376 1198 2427 τοῦ
1222 2392 1365 2451 ηοιιςψκυ

839 2453 918 2525 μηυὶς,
948 2470 1047 2529 nempe
1075 2456 1124 2509 91.
1151 2452 1238 2524 Julii,
1267 2450 1365 2509 llornnni

840 2533 962 2589 ricinum
986 2533 1130 2610 porticum
1156 2531 1315 2602 incendi-re,
1334 2532 1368 2588 lae·

842 2613 966 2670 tentibus
990 2613 1107 2682 Judaeis,
1133 2613 1268 2690 ultroque
1291 2614 1366 2670 ruims

840 2693 1019 2769 erigentibus,
1040 2703 1073 2750 ut
1093 2692 1111 2750 b
1132 2694 1243 2772 templo
1268 2692 1368 2750 Romani

842 2783 1044 2831 averterentur.
1074 2774 1229 2852 Joseplrus,
1240 2773 1369 2833 Belllud.

844 2871 888 2910 vr.
905 2861 933 2914 2.
948 2873 976 2912 n.
989 2863 1018 2924 9.
1043 2855 1098 2912 Die
1110 2868 1209 2912 autem
1228 2857 1369 2930 septimort

843 2935 975 2992 vicesimo
1006 2935 1132 3001 Punultti,
1154 2940 1202 2993 urii
1224 2930 1370 3016 aegmtgmtbu

842 3017 913 3090 ptris
927 3010 1018 3094 iss’a'pn
1032 3016 1078 3072 ui
1088 3011 1177 3080 unali,
1190 3035 1240 3074 st‘u
1252 3023 1297 3074 94.
1306 3013 1370 3080 Julll,

844 3096 913 3154 cum
940 3097 1060 3154 Romani
1084 3098 1229 3176 porticum
1249 3097 1372 3156 Occiden-

846 3176 931 3234 talem
973 3175 1075 3235 temere
1116 3177 1279 3246 subiissent,
1314 3173 1371 3232 iniri

844 3258 930 3332 cujus
955 3257 1078 3316 culmen
1109 3269 1138 3314 et
1171 3261 1265 3316 trebes
1290 3249 1370 3316 'iudei

844 3337 925 3394 arida
940 3337 1017 3414 ligna
1036 3357 1103 3396 cum
1122 3339 1262 3414 sulphure
1274 3351 1300 3396 et
1313 3337 1371 3394 bitu·

846 3417 920 3474 miuo
959 3431 1186 3496 supposuerunt3
1229 3420 1263 3477 iis
1294 3415 1369 3476 subiri

845 3498 975 3566 incensis,
985 3500 1085 3558 misere,
1098 3501 1244 3578 perierunt
1260 3495 1370 3558 llumrni.

846 3579 977 3637 Porticus
998 3593 1092 3638 autem
1115 3591 1219 3639 exusta
1238 3597 1278 3638 est
1299 3594 1370 3653 usque

845 3659 882 3716 sd
904 3661 1005 3719 turrim
1029 3661 1156 3730 Josnnis,
1179 3681 1266 3740 supra
1286 3673 1370 3738 portu,

847 3759 911 3817 quae
925 3741 1003 3799 ultra
1024 3743 1148 3820 Xystum
1171 3743 1319 3807 ducebant,
1333 3758 1370 3794 er·

245 3815 350 3896 ὶπιςιξι,
370 3819 477 3876 scribit.
488 3817 639 3893 Iosephus,
662 3818 719 3879 loc.
739 3823 790 3879 cit.
845 3829 1000 3880 structam:
1022 3821 1166 3900 reliquum
1182 3823 1250 3882 verb
1264 3815 1369 3900 poeticis

246 3898 319 3956 Sunt
347 3900 395 3974 qui
433 3918 485 3975 pro
517 3893 608 3980 brigein
642 3902 792 3959 emendent
844 3901 939 3960 Judfei
956 3905 1148 3962 absciderunt.
1191 3903 1319 3981 Sequenti
1336 3899 1369 3954 die

246 3979 330 4052 ὅμνόι
350 3979 393 4034 rel
407 3981 494 4058 ὶςιόι,
513 3978 541 4036 id
564 3989 616 4050 est,
636 4000 788 4058 agnorum:
847 3975 924 4048 eri'i'
946 3983 1076 4064 ὕπιμιξι,
1096 3987 1154 4042 sire
1176 3991 1223 4044 25.
1237 3983 1315 4052 Julii,
1327 3981 1370 4037 uo

245 4059 294 4116 sed
316 4059 432 4116 minime
454 4059 647 4136 probabiliter,
671 4074 703 4118 ut
727 4063 789 4136 jum
848 4047 924 4121 marri
945 4063 1132 4125 incenderunt
1152 4067 1292 4144 porticum
1316 4063 1367 4154 Seu

246 4140 358 4196 monuit
368 4139 496 4197 eruditus
511 4140 665 4199 Relsndus.
706 4139 790 4199 Titus
848 4145 1055 4203 temtrionalem
1087 4148 1236 4224 usquead
1263 4143 1367 4224 porticus

245 4219 320 4276 enim
341 4219 457 4290 Josnni,
477 4221 528 4298 qui
552 4224 697 4299 templum
714 4233 791 4280 tene·
849 4223 1005 4285 Orientalis
1019 4226 1169 4304 angulum,
1186 4228 1233 4305 erui
1256 4223 1315 4284 ralli
1329 4221 1368 4277 Ce-

245 4299 791 4378 bst‚Judaeosobtulit,quiintermissa
848 4306 919 4363 deon
954 4307 1131 4366 imminebat.
1171 4307 1282 4388 Josrpb.
1311 4297 1366 4362 Bell·

245 4378 388 4441 sucrificiu
412 4381 606 4453 celebrarem
637 4394 671 4443 ut
696 4383 791 4444 videre
847 4383 915 4446 lud.
929 4405 975 4446 rr.
987 4394 1016 4449 3.
1028 4407 1057 4448 n.
1074 4399 1088 4448 1
1104 4401 1132 4448 et
1146 4397 1176 4449 52.
