2859 4950
258 298 300 365 ro
600 290 634 348 e.
655 284 1013 363 conurnurncrrr

254 464 385 525 nomen
401 444 524 521 Aleis.-
549 440 645 517 nulla
660 442 853 534 simulacra,
877 441 1013 516 nullum
1033 442 1222 543 peregrinae
1240 442 1383 539 supersti-

256 563 357 638 tionis
382 560 585 661 vaetigium:
612 577 652 635 ut
676 558 799 635 fratres
825 576 952 649 tamen,
977 576 1016 631 ut
1028 561 1171 657 juvenes
1186 574 1382 643 venerantur,

257 678 430 755 Ceterum
452 675 527 750 Arii
553 698 657 773 super
681 676 784 765 vires,
809 675 933 773 quibus
957 690 1172 748 enumeratos
1197 674 1297 771 paulo
1318 670 1384 763 anti

256 792 405 891 populos
430 791 648 880 antecedunt,
674 807 801 880 truces,
825 788 932 862 insitae
959 786 1080 862 feritati
1107 806 1179 863 arte
1195 814 1234 863 ac
1249 804 1385 885 ternpore

256 906 513 983 lenocinantur:
538 907 638 1005 nigra
653 924 761 994 scuta,
786 904 890 977 tincta
906 930 1073 1003 corpora:
1087 908 1097 941 ¹
1123 922 1212 979 atras
1227 904 1269 976 ad
1285 902 1385 999 praelia

258 1042 377 1098 noctes
393 1024 534 1123 legunt:
561 1020 704 1124 ipsique
720 1020 903 1100 fonnidine
919 1038 1021 1118 utque
1038 1020 1163 1099 umbri
1179 1018 1290 1096 feralis
1305 1040 1385 1091 erier-

258 1140 350 1230 citus
365 1157 534 1212 terrorem
550 1136 714 1227 inierunt,
740 1138 837 1210 nullo
854 1136 1003 1218 hostiurn
1020 1138 1204 1210 sustinente
1221 1158 1342 1207 novum
1356 1154 1386 1201 ae

257 1256 354 1329 velut
375 1253 549 1329 infernum
573 1272 771 1351 aspectum:
809 1278 889 1327 nam
915 1252 1015 1351 primi
1039 1253 1075 1325 in
1099 1252 1258 1325 omnibus
1282 1244 1411 1345 praeliis,

255 1371 350 1443 oculi
365 1369 559 1479 vincuntur.
590 1372 701 1442 Trans
718 1370 846 1471 Lygios
864 1370 1070 1445 Gethones²
1086 1382 1285 1469 regnantur,
1301 1360 1386 1458 paulo
1410 1360 1411 1375 *

254 1488 327 1584 jam
342 1487 538 1582 adductius,
563 1485 670 1583 quim
687 1502 810 1559 ceterae
828 1488 1085 1560 Germanorum
1102 1498 1234 1582 gentes,
1250 1476 1386 1552 nondun

256 1619 377 1674 tamen
385 1585 497 1697 supra
505 1601 705 1674 menatem.
757 1600 917 1674 Protinus
929 1599 1052 1671 deinde
1065 1602 1107 1671 ab
1120 1590 1263 1671 Oceano
1274 1588 1386 1689 Rugfi‚³

258 1731 295 1789 et
309 1715 465 1788 Lemoni
477 1719 515 1786 :⁴
538 1716 763 1812 omniumque
781 1716 903 1787 harum
920 1714 1074 1813 gentium
1091 1714 1237 1815 insigne,
1262 1704 1388 1784 rotunda
1410 1706 1411 1715 ’

258 1842 367 1921 scuta,
391 1833 514 1904 breves
529 1831 645 1941 gladii,
669 1850 706 1904 et
721 1856 804 1933 erga
819 1856 918 1934 reges
934 1830 1154 1951 obsequium.¹
1237 1872 1254 1903 ι

262 2098 474 2161 Ganadensium
488 2096 565 2161 Deos
579 2100 807 2181 Nopirroulieti,

261 2192 291 2244 ct
311 2182 554 2257 Pepouaoukietl,
584 2203 655 2260 quos
676 2186 748 2242 inter
767 2186 807 2243 ita

262 2260 385 2317 divisum
408 2265 484 2320 orbis
507 2264 668 2341 imperium,
702 2280 735 2322 ut
760 2266 807 2323 lric

262 2341 335 2398 veris
346 2352 375 2398 et
387 2343 501 2414 astatis,
516 2343 563 2401 ille
576 2345 728 2421 hyemissit
737 2366 809 2423 prse-

261 2433 314 2480 ses.
355 2422 479 2482 Alternis
493 2436 652 2502 temporum
671 2427 747 2484 vices
767 2446 809 2484 re·

262 2510 342 2578 gunt,
350 2515 378 2560 et
391 2504 539 2563 hominum
548 2507 608 2563 iata
616 2507 808 2564 moderantur.

263 2583 340 2640 Vide
366 2585 536 2654 Creuxium,
565 2587 700 2644 Historia
719 2586 810 2644 Curru·

263 2662 364 2730 elensis,
385 2683 414 2739 p.
431 2671 478 2723 81.
522 2667 588 2722 lluc
603 2686 719 2742 (tuoque
740 2667 809 2724 rele-

261 2743 351 2800 renda
375 2743 509 2802 ridentur
534 2747 729 2804 Sarmatarum
757 2765 810 2804 nu·

262 2823 342 2880 mina
365 2820 455 2882 Ledus
480 2837 509 2881 et
532 2823 658 2893 Peleius,
684 2845 807 2902 quorum

262 2902 402 2962 memoria
414 2904 511 2961 edlrne
525 2917 618 2962 manet
629 2906 657 2962 in
672 2907 808 2963 conviviis

164 3020 167 3033 ι
260 2976 416 3042 Polunicis.
458 2984 603 3042 Diodorus
616 2986 742 3054 Siculus,
764 3003 808 3044 tv.

264 3061 313 3128 56.
327 3083 356 3141 p.
374 3070 441 3122 180.
482 3065 647 3133 Dioscuros,
667 3085 715 3123 seu
740 3067 809 3124 Cas-

262 3154 352 3203 torem
366 3154 395 3200 et
409 3144 567 3215 Pollucem,
580 3145 598 3202 ir
611 3145 709 3217 Celtis,
719 3147 810 3206 Ocea·

262 3227 293 3284 ni
313 3222 430 3294 accolis,
450 3225 544 3291 cultos
565 3239 711 3284 memorat.
753 3228 808 3284 Sed

263 3307 309 3366 isti
333 3305 434 3383 populi
455 3317 522 3368 sunt
539 3305 558 3362 a
576 3306 747 3365 Naharvalis
768 3309 810 3367 di·

263 3407 344 3446 versi.

304 3545 441 3608 'Tincta
462 3567 590 3626 corporo.
632 3549 665 3605 ld
686 3548 756 3609 olim
778 3549 807 3606 in

264 3645 319 3685 usu
332 3629 409 3704 apud
423 3643 518 3704 gentes
539 3629 686 3706 plurimas.
729 3629 806 3686 Idem

262 3709 360 3768 adhuc
373 3709 448 3784 viget
460 3710 538 3785 apud
554 3709 658 3768 multos
667 3709 807 3766 Amorion

264 3789 395 3865 populos.
437 3788 565 3856 Quidam
583 3789 670 3846 etiam
683 3787 809 3864 corpori·

267 3871 319 3924 bus
334 3869 392 3927 suis
407 3881 488 3925 notas
499 3869 697 3927 inscribebant.
725 3867 808 3924 Unde

265 3949 387 4019 Plinius,
411 3967 492 4006 xxti.
513 3959 539 4006 t.
579 3948 686 4006 Formo
707 3946 808 4026 gratid

265 4025 392 4105 ritrisque
419 4031 559 4106 perpetui,
593 4029 632 4105 in¹
649 4029 808 4104 corporibus

263 4111 321 4170 eris
335 4109 443 4184 aliquos
454 4119 611 4166 exterorum
627 4107 752 4184 gentium
766 4109 808 4165 ati

198 4237 206 4246 .
263 4189 356 4249 herbis
368 4191 537 4264 quibusdam,
550 4191 665 4246 adrerto
680 4189 808 4247 atriorum.

265 4271 389 4327 illinunt
411 4272 486 4328 certi
497 4268 563 4328 oliti
574 4267 759 4346 oliefociem
780 4267 808 4325 in

261 4351 372 4428 populis
396 4349 729 4426 liordurorumfumino,
753 4367 810 4406 ma·

265 4451 364 4510 resque
381 4431 466 4501 etium
485 4431 559 4508 apud
575 4430 671 4492 Dacos
694 4440 722 4487 et
741 4428 809 4487 Sur·

863 2108 952 2162 inulas
965 2120 1082 2179 corporo
1095 2120 1145 2160 sua
1158 2098 1319 2157 inscribunt.
1347 2086 1368 2144 Τ
1368 2104 1388 2143 ³*-

864 2184 903 2240 les
929 2200 1079 2259 corporum
1107 2181 1246 2257 picturas,
1273 2174 1290 2231 a
1314 2172 1389 2229 Cane

864 2264 1005 2329 densibrm,
1020 2273 1053 2317 ut
1067 2260 1284 2318 truculentiores
1296 2252 1390 2336 uidean-

866 2358 922 2413 tur,
937 2352 1093 2417 usurpatas,
1112 2341 1230 2398 exhibet
1245 2338 1275 2395 P.
1289 2337 1390 2394 Creuit·

867 2444 909 2493 us,
937 2422 1071 2481 Historia
1097 2418 1276 2488 carmensis,
1305 2434 1332 2492 p·
1354 2414 1390 2498 td

866 2507 894 2562 Si
910 2507 943 2561 de
959 2504 1012 2560 lroc
1031 2521 1083 2560 usu
1107 2501 1192 2577 plura
1211 2495 1338 2563 volueris
1355 2487 1390 2550 adt

865 2586 1010 2642 eruditum
1027 2579 1190 2654 Pelloutien,
1210 2577 1338 2638 Histoire
1356 2570 1392 2626 du

868 2663 968 2730 Celere,
990 2661 1044 2718 vol.
1062 2680 1082 2718 ι.
1096 2681 1123 2738 p.
1137 2668 1200 2728 ‘290
1210 2669 1238 2718 et
1250 2678 1306 2733 seq.

906 2739 921 2788 ²=
941 2743 1093 2802 Gotdoars.
1135 2742 1231 2820 Supra
1245 2739 1393 2813 tuornnrdltt¹

866 2824 987 2902 populns
1007 2834 1086 2880 erant
1103 2821 1260 2882 Gothrtnes.
1301 2815 1411 2895 Diserti

867 2915 933 2961 sunt
946 2905 963 2961 it
977 2903 1091 2970 Gothis,
1112 2901 1146 2960 de
1166 2904 1272 2979 quibus
1285 2913 1347 2956 mox
1362 2888 1395 2944 ὼ·
1410 2887 1411 2956 l

867 3003 973 3054 cemus,
993 2983 1041 3041 sod
1056 2981 1127 3040 lorti
1142 3001 1212 3040 curn
1225 2981 1259 3040 iis
1272 2993 1346 3036 arma
1361 2987 1394 3026 80·

868 3065 987 3123 cievere.

908 3135 1040 3222 litigii.
1081 3141 1217 3200 Protinus
1236 3143 1272 3200 ab
1293 3136 1394 3196 Oceano

868 3226 982 3284 Baltico
1011 3237 1091 3281 erant
1122 3223 1219 3299 Rugii,
1253 3221 1301 3278 ubi
1334 3225 1395 3270 nunt

871 3306 998 3382 Collerg,
1020 3303 1161 3372 Cossutia,
1186 3302 1298 3374 fortier
1316 3297 1396 3354 Portu

871 3386 966 3444 roaia:
985 3385 1024 3442 ibi
1036 3383 1132 3442 adhuc
1146 3379 1286 3460 oppidum
1301 3378 1397 3463 Rugtt·

870 3467 952 3524 wald.
1000 3465 1034 3525 ln
1062 3462 1122 3538 ipsu
1150 3467 1220 3522 mari
1249 3467 1396 3520 memorium

870 3565 968 3610 eorum
983 3545 1082 3602 retinet
1095 3543 1187 3601 insula
1198 3545 1308 3620 lingon.

910 3623 923 3656 ⁴
945 3624 1076 3684 errorii.
1112 3624 1194 3681 More
1207 3623 1349 3682 Balticum
1361 3625 1398 3696 avj

871 3707 1002 3764 colebant
1034 3721 1148 3781 quoque
1182 3699 1318 3766 Lemouii,
1357 3691 1396 3778 ubl

871 3805 948 3843 nunc.
962 3787 1068 3861 Stolpe,
1089 3783 1265 3862 Lorrrrbarg,
1282 3779 1397 3839 narrac-

872 3865 1068 3924 Lemosiorum
1094 3867 1172 3927 sedes
1201 3863 1298 3944 posted
1326 3865 1398 3946 deeu-

872 3945 950 4022 pisse
985 3946 1116 4004 ridentur
1153 3946 1266 4004 Heruli·
1320 3928 1398 3995 arua

870 4029 945 4084 enim
968 4027 1070 4084 deinde
1087 4025 1285 4084 [remotiorum
1307 4029 1397 4074 meno

871 4107 921 4174 ria,
944 4107 1073 4185 frequens
1094 4096 1159 4164 iero
1181 4097 1399 4188 Hcmtorunavt

871 4205 920 4264 per
933 4187 1077 4266 Europam
1097 4198 1125 4245 et
1141 4187 1238 4245 Asiam
1259 4183 1344 4259 glorta
1364 4187 1397 4226 ¹¹¹·

870 4287 952 4344 gens:
983 4269 1064 4346 primi
1091 4268 1177 4325 etiam
1203 4267 1397 4325 Gemmarum

870 4351 924 4405 sub
936 4349 1069 4410 Odoacro
1083 4367 1199 4428 reguum
1211 4349 1239 4408 in
1249 4337 1329 4403 ltulid
1342 4347 1397 4394 con

871 4428 975 4492 didm·
1134 4443 1149 4456 '
