2859 4950
343 285 555 354 nrssoous
576 287 928 357 ors-onraossnos.
1150 301 1211 377 rsa

77 441 172 518 civilis
211 440 384 518 scientiam
423 461 555 518 veteres
590 459 745 520 oratores
783 445 1133 543 comprehendebant,
1173 467 1211 527 et

76 557 299 658 grammatici,
322 557 467 646 madai,
490 577 525 632 et
540 557 729 656 geometria
746 558 998 637 imbuebantur.
1048 563 1209 654 Incidunt

75 675 153 748 mim
170 699 285 748 causae
295 673 452 771 plurimae
469 674 622 770 quidem,
646 699 686 750 ac
702 675 803 770 paene
825 701 959 765 onmes,
983 679 1109 775 quibus
1121 680 1209 778 juris

73 789 177 862 notitia
193 789 426 864 desideratur:
452 789 626 887 pleraque
642 806 771 878 autem,
794 789 833 862 in
854 791 980 887 quibus
995 793 1051 868 bae
1066 821 1209 894 quoquo

72 905 209 980 montiae
225 905 461 1003 requiruntur.

111 1148 167 1208 32.
193 1138 282 1210 Nnc
312 1135 492 1234 quisquam
521 1136 725 1232 respondeat
750 1135 907 1210 sufficere
935 1154 973 1210 ut
1001 1141 1046 1214 ad
1071 1087 1213 1238 ternpus·

68 1250 202 1348 simplex
229 1254 418 1352 quiddam¹
436 1269 469 1325 et
492 1251 663 1324 uniforme
683 1254 881 1326 doceamur.
930 1253 1090 1330 Primum
1112 1257 1205 1331 enirn

67 1367 154 1439 aliter
169 1367 302 1440 utimur
317 1367 475 1464 propriis,
491 1367 588 1438 aliter
603 1367 828 1443 commodatis
839 1393 862 1440 τι
876 1367 1050 1467 longeque
1064 1371 1204 1446 interes-

67 1507 98 1552 se
113 1481 331 1556 manifestum
347 1499 411 1570 est,
430 1481 597 1578 possideat
613 1483 689 1576 quis
702 1507 781 1576 quae
797 1478 943 1577 profert,
957 1507 1002 1554 an
1013 1504 1203 1562 mutuetur.

68 1596 193 1670 Deinde
220 1597 294 1694 ipsa
320 1597 506 1670 multarum
523 1596 646 1668 nuum
663 1596 801 1680 scientia
824 1597 927 1673 etiam
948 1598 1041 1673 aliud
1065 1619 1205 1697 agentes

67 1735 120 1783 nos
143 1729 258 1800 ornat,
290 1729 392 1808 atque
418 1711 476 1784 ubi
505 1709 645 1782 minime
675 1711 807 1800 credas,
837 1712 964 1784 eminet
991 1731 1025 1785 et
1054 1716 1202 1789 excellit.

68 1827 164 1924 ldque
180 1853 255 1900 non
271 1827 394 1906 doctus
406 1827 513 1899 modo
524 1844 558 1900 et
570 1827 722 1922 prudens
737 1825 884 1916 auditor,
900 1831 961 1902 sed
977 1829 1077 1902 etiam
1092 1856 1203 1928 popu-

66 1940 110 2013 lus
132 1942 314 2040 intelligit:
342 1941 509 2016 aestatim
530 1942 576 2014 ita
600 1940 701 2015 laude
730 1942 962 2038 prosequitur,
986 1962 1026 2016 ut
1045 1945 1201 2044 legitimi

63 2058 234 2145 sorduisse,
260 2071 299 2130 ut
315 2082 377 2153 per
393 2081 513 2130 omnes
533 2055 739 2152 eloquentia
762 2079 926 2131 nmneros
940 2056 1023 2147 isse,
1047 2077 1085 2132 ut
1108 2061 1203 2134 deni·

64 2197 121 2267 que
137 2191 315 2248 oratorem
336 2173 438 2246 etiam
454 2170 619 2244 fateatur:
645 2195 751 2268 quem
776 2195 847 2246 non
863 2198 962 2269 posse
979 2174 1075 2248 aliter
1098 2176 1204 2253 essia

62 2303 138 2376 tere,
147 2313 214 2364 nec
228 2288 380 2363 extitisse
394 2313 558 2384 umquam
568 2289 752 2376 confirmo,
760 2287 823 2364 nisi
835 2314 931 2377 eum,
941 2289 1014 2385 qui,
1027 2307 1204 2388 tamquam
1298 2348 1300 2351 -

61 2399 92 2475 in
110 2405 216 2479 aciem
249 2405 409 2481 omnibus
425 2405 527 2479 amus
542 2404 740 2493 instructus,
763 2405 812 2479 sic
836 2404 873 2477 in
897 2401 1015 2478 lorum
1042 2400 1221 2481 omnibus'

61 2520 180 2595 artibus
203 2538 361 2597 ansatus
384 2520 526 2595 exierit:
553 2522 648 2618 quod
676 2522 765 2593 adeb
793 2520 978 2617 negligitur
1005 2522 1049 2593 ab
1074 2522 1203 2607 horum

62 2652 254 2733 temporum
281 2637 427 2725 disertis,
464 2654 502 2709 ut
530 2637 565 2707 in
598 2635 787 2709 actiombus
818 2659 940 2707 eorum
973 2633 1033 2707 fex
1060 2662 1203 2734 quoque

63 2752 243 2846 quotidiani
259 2752 437 2839 sermonis,
450 2749 544 2828 foeda
560 2775 599 2823 ac
617 2752 778 2847 pudenda
794 2750 873 2825 vitia
887 2751 1202 2847 deprehendantur,

63 2883 95 2937 ut
108 2868 269 2966 ignorent
284 2869 389 2965 leges,
414 2892 486 2939 non
508 2884 643 2939 teneant
664 2867 968 2954 senatusconsulta,
988 2870 1046 2964 jus
1061 2867 1203 2941 civitatis

63 2982 144 3055 ultro
159 2984 356 3058 derideant:
370 2980 544 3078 ¹snpientiae
560 2982 645 3053 verb
662 2980 815 3055 studium
827 2999 862 3053 et
870 2998 1041 3079 praecepta
1052 2984 1202 3079 pruden-

62 3096 138 3171 tium
154 3099 292 3195 penitus
308 3097 544 3186 reformident,
568 3096 604 3169 in
620 3097 839 3193 paucissimos
856 3120 975 3171 seruus
991 3116 1025 3171 et
1040 3116 1202 3197 angustas
1242 3094 1244 3099 ’

62 3216 235 3305 sententias
263 3214 446 3288 detrudant
474 3213 716 3309 eloquentiam,
751 3213 847 3285 velut
879 3214 1058 3308 expulsam
1089 3237 1201 3310 regno

64 3350 138 3403 suo:
165 3348 206 3403 ut
233 3356 311 3426 quae
340 3328 423 3401 olim
451 3330 607 3401 omnium
640 3329 765 3402 artium
798 3328 936 3401 domina
967 3328 1201 3424 pulcherrimo

64 3446 216 3519 comitatu
243 3462 381 3544 pectora
408 3444 583 3541 implebat,
608 3470 699 3517 nunc
730 3444 929 3518 circumcisa
953 3460 987 3514 et
1015 3460 1201 3540 arnputata,

65 3558 126 3632 sine
141 3578 318 3659 apparatu,
341 3561 413 3633 sine
429 3561 574 3651 honore,
600 3562 699 3658 paene
716 3560 863 3634 dixerim
879 3557 951 3631 sine
966 3558 1200 3657 ingenuitate,²

66 3676 152 3768 quasi
177 3700 248 3751 una
271 3701 316 3749 ex
340 3674 576 3749 sordidissimis
601 3676 763 3763 artificiis,
798 3674 957 3749 duamur.
1006 3676 1085 3772 Ego
1110 3674 1199 3749 hanc

66 3790 199 3883 primam
216 3808 251 3865 et
267 3791 473 3891 praecipuam
497 3785 633 3867 causam
655 3792 816 3880 arbitror,
841 3816 904 3863 cur
920 3806 1053 3861 tantum
1069 3790 1113 3861 ab
1128 3791 1199 3863 elo-

68 3908 193 3998 quentii
209 3908 428 4005 antiquorum
451 3926 626 3981 oratorum
643 3907 892 3983 recesserimus.
938 3906 980 3991 ,si
997 3921 1097 3979 testes
1114 3904 1200 3979 desi·

102 4092 110 4119 ¹
140 4098 259 4175 Simpler
283 4100 422 4176 quiddam.
465 4100 598 4159 Sufficete
651 4101 778 4161 servituti
792 4100 956 4177 opponitur.
988 4096 1110 4173 Ingenui
1123 4106 1198 4168 suut,

67 4185 106 4241 ¹¹1,
125 4177 190 4235 cnm
209 4194 318 4257 tempus
334 4200 432 4256 resque
445 4182 599 4256 postulant,
652 4184 700 4257 qui
713 4202 747 4240 ex
759 4190 849 4239 matre
870 4176 959 4237 liberd
971 4178 1033 4233 nuti
1047 4188 1125 4247 suut,
1146 4179 1199 4235 Di·

67 4252 599 4341 simpliciuquaedametutrilbrmiaar-
651 4278 720 4339 glut.
747 4259 1022 4319 bibentiaque
1040 4258 1123 4317 Statu
1151 4260 1199 4317 bo·

69 4344 132 4393 trum
146 4340 282 4417 principia
295 4340 313 4398 b
326 4342 422 4418 peritis
436 4344 598 4401 doceamur.
653 4344 775 4403 urinum.
790 4342 856 4418 laag.
871 4347 900 4401 5.
909 4359 946 4397 ex
961 4338 1120 4397 Marciano.

103 4411 116 4439 ²
133 4416 196 4480 Sine
212 4420 395 4501 ingenuitate.
439 4422 600 4499 lngenuitas
