2859 4950
323 246 383 305 no
407 246 634 308 orssooun
656 244 713 304 os
735 224 1009 325 ousronmus.
1160 248 1244 327 sar

85 399 160 463 vide
183 400 266 485 apud
292 398 547 480 Mediobarbum,
570 424 601 487 p.
629 407 700 467 121.
726 398 933 483 Harduinum,
954 400 1016 469 loc.
1040 402 1093 471 cit.
1116 427 1149 490 p.
1168 414 1242 479 733.
1294 422 1298 427 ’

86 513 173 578 Vide
186 526 218 579 et
231 510 284 581 CI.
297 512 443 595 Vaillant,
457 514 519 580 loc.
532 513 587 583 cit.
1194 556 1196 561 ,

130 736 283 819 TITUS,
304 739 422 806 deliciae
437 736 557 825 generis
570 738 709 818 humani,
731 737 938 823 principatum
953 739 1091 825 adeptus,
1114 754 1146 809 at
1162 765 1249 831 prrs-¹

83 850 227 937 properi
240 864 341 917 morte
364 863 483 937 raptus,
505 849 700 939 congiarium
710 848 865 937 promisit,
887 861 916 915 st
938 872 999 915 non
1023 850 1118 918 dedit.
1162 854 1241 925 MS.

85 962 281 1028 vindobon.
312 963 455 1029 Habetur
477 963 604 1049 quidem
627 962 707 1028 inter
735 962 943 1027 Arachotanos
971 987 1126 1045 nummos,
1158 968 1241 1037 st.

88 1096 202 1141 xxix.
223 1099 255 1139 ιι.
269 1083 322 1141 20.
344 1098 489 1141 nummus
504 1098 581 1141 uuus
596 1073 675 1152 Titi,
691 1075 759 1160 jam
776 1071 941 1159 Principis,
965 1078 996 1141 ct
1009 1076 1143 1143 consulis
1155 1093 1241 1147 octa-

85 1186 170 1267 vum,
193 1184 296 1251 IMP.
318 1186 360 1251 Τ.
381 1184 577 1251 CAESAR.
592 1184 721 1251 VESP.
744 1184 852 1251 AVG.
877 1185 916 1249 P.
928 1185 1071 1253 M.TR.
1096 1189 1135 1253 P.
1147 1189 1186 1255 P.
1200 1190 1240 1257 Ρ.

85 1299 197 1365 COS.
228 1297 338 1365 VIII.
382 1298 422 1364 In
446 1300 554 1363 auersa
580 1310 668 1384 parte
698 1295 954 1363 CONGIAR.
983 1298 1099 1365 TER.
1133 1301 1173 1368 Ρ.
1198 1301 1239 1367 R.

84 1410 201 1477 IMP.
234 1410 348 1477 DAT.
392 1409 510 1475 Verrius
536 1406 682 1474 nummus
707 1409 762 1475 iste
788 1422 938 1495 suspecrae
964 1424 1011 1477 est
1035 1410 1117 1491 fidei,
1140 1430 1181 1492 ct,
1204 1429 1241 1480 ut

82 1521 213 1604 sirletus,
235 1524 274 1588 ad
289 1521 469 1608 exemplum
483 1520 601 1587 nummi
617 1544 708 1606 supra
724 1520 839 1587 laudati
852 1544 1023 1607 expressus.

123 1744 435 1813 DOMITIANUS
458 1744 653 1834 congiarium
676 1756 724 1809 tes·
745 1742 832 1809 dedit
850 1744 992 1811 denarios
1006 1746 1114 1835 quinos
1129 1759 1158 1813 et
1173 1770 1238 1837 sep·

80 1870 237 1945 tuugmos,
258 1857 359 1946 Angl.
374 1857 418 1924 Al.
439 1866 501 1925 lOs.
525 1856 603 1923 MS.
621 1854 796 1925 Viudobon.
841 1855 930 1923 Idem
943 1858 1037 1925 habet
1060 1859 1189 1927 Sueton.
1204 1861 1237 1927 in

82 1968 207 2033 Domit.
223 1991 272 2033 ιν.
317 1969 355 2034 Ιιι
370 1970 437 2057 ejus
459 1968 595 2035 nummis
609 1983 821 2036 memorantur
835 1968 990 2054 congiaria
1004 1971 1075 2035 data
1094 1974 1152 2037 sub
1167 1974 1236 2060 ejus

79 2079 238 2145 consulatu
255 2078 300 2145 II.
315 2083 432 2167 dequo
447 2081 542 2147 modo
556 2080 673 2146 dictum
687 2094 745 2160 est,
767 2094 799 2147 ct
822 2082 879 2145 sub
906 2081 972 2168 ejus
991 2083 1151 2151 consulatu
1168 2084 1235 2158 XI.

78 2189 221 2257 Tertium
247 2192 434 2278 congiarium
470 2193 504 2258 in
529 2192 596 2280 ojus
624 2192 758 2257 nummis
785 2194 921 2259 nondum
950 2207 1115 2279 rupertum.
1162 2195 1233 2263 Nec

75 2304 307 2389 congiariorum
320 2328 465 2404 numerus
478 2304 510 2371 iu
524 2304 571 2370 his
585 2304 718 2371 nummis
734 2304 878 2390 signatur.
923 2304 1004 2370 Vide
1019 2304 1070 2371 CI.
1085 2306 1232 2389 Vaillaut,

73 2416 139 2482 loc.
153 2418 208 2483 cit.

121 2641 286 2709 NERVA
308 2643 501 2732 congiarium
524 2665 646 2728 quoquc
670 2639 756 2707 dedis
779 2631 921 2708 denarios
946 2642 1055 2730 qrsirros
1069 2653 1098 2708 et
1111 2653 1232 2730 septua-

71 2777 179 2844 genos,
202 2754 279 2821 MS.
294 2755 474 2822 Vindobon.
518 2753 592 2819 Alia
606 2755 743 2833 damnis,
764 2753 790 2818 si
811 2754 924 2848 diutius
945 2753 1077 2820 vixisset.
1121 2753 1231 2824 Fidem

107 3048 220 3099 Divus
235 3041 344 3098 TITUS
357 3047 574 3111 lmp.anu.r111.
591 3046 619 3097 d.
629 3061 686 3118 ιιι.
703 3047 786 3113 Cong.
797 3042 923 3112 promisit,
939 3044 984 3095 sed
994 3061 1047 3097 non
1058 3046 1140 3098 dedit.
1174 3047 1228 3100 iiic

72 3145 288 3210 amphitheatrum
300 3143 317 3195 sl
328 3144 410 3195 tribus
419 3141 540 3208 gradibus
550 3143 631 3209 patris
642 3145 680 3194 sui
693 3142 758 3194 duos
768 3141 871 3210 adjecit.
904 3142 1023 3196 Excussit
1033 3144 1107 3195 Curis
1118 3145 1228 3210 Sabinis,

71 3242 293 3310 cubiculopstris.

104 3416 343 3473 DOMITIANUS
355 3419 422 3484 Imp.
434 3433 493 3470 aua.
505 3431 581 3470 xru.
592 3431 626 3467 nr.
646 3432 673 3466 ι.
691 3415 719 3466 d.
731 3431 757 3470 r.
777 3416 856 3484 Cong.
875 3417 949 3469 dedit
961 3424 1002 3470 tar
1021 3431 1129 3470 xaxxr.
1164 3417 1225 3468 Hoc

71 3521 141 3586 Imp.
159 3521 248 3570 multe
264 3531 350 3584 operas
365 3517 478 3582 publicas
495 3514 629 3567 fabricatu
641 3521 714 3566 suut:
740 3513 807 3565 atris
827 3529 880 3566 ιιι.
897 3517 988 3568 horrea
998 3515 1162 3582 piperataria,
1179 3513 1225 3566 ubi

70 3617 147 3669 modo
165 3626 206 3668 est
231 3615 344 3668 Basilica
361 3612 536 3678 Comtiniasra,
561 3619 590 3664 et
607 3612 690 3664 forum
711 3611 871 3679 Vespaa'aui,
894 3615 1017 3679 templum
1036 3620 1177 3664 csstrorurn
1196 3590 1225 3660 at

71 3716 207 3778 Minerva,
232 3721 336 3780 portam
355 3712 478 3778 Oapcuae,
504 3719 607 3777 gentem
626 3711 741 3762 FlavIasn
759 3709 896 3774 Diuorum,
921 3711 1005 3761 Ῑιειιιιι
1026 3717 1053 3760 et
1074 3709 1222 3775 Serapeum,

71 3815 215 3865 Minervam
242 3811 412 3876 calcidicam,
437 3811 567 3877 synodum
597 3810 747 3873 Minuciam,
784 3813 896 3860 veterem
917 3809 1038 3870 stadium,
1067 3811 1096 3858 et
1115 3805 1227 3864 Tsrnsas

69 3912 184 3962 Titianos
201 3915 229 3960 ct
248 3909 382 3974 Trajauss,
397 3909 612 3972 amphitiseatmm
632 3922 711 3974 usqne
729 3908 762 3958 sd
777 3885 883 3972 'alypon
898 3909 1022 3972 tempium
1032 3904 1183 3972 vapulant
1194 3909 1223 3955 et

68 4009 133 4072 Titi,
149 4008 449 4074 missiamanum,
465 4008 538 4059 ludos
551 4021 608 4058 ssu.
625 4007 756 4074 palatium,
773 4011 867 4057 mamm
886 4006 1072 4074 sudantembet
1084 4004 1221 4056 Panicum.

69 4105 175 4156 Occium
185 4103 296 4178 palutio.

101 4269 226 4323 NERVA
238 4273 306 4340 Imp.
316 4287 411 4326 arms.
423 4287 458 4323 m.
470 4285 531 4329 Ιιιιι.
548 4273 574 4322 d.
587 4287 674 4323 unum.
691 4272 774 4338 θοις.
793 4271 869 4322 dedit
888 4284 995 4324 xsxxr.
1013 4266 1219 4342 etluuomtisuur

69 4370 137 4436 plebi
149 4370 261 4424 Usbsuae
273 4371 385 4425 instituit
397 4384 483 4424 saxu
495 4387 516 4423 s.
536 4371 657 4423 Excessit
668 4370 749 4423 hortis
760 4369 927 4424 sallustianis.
