2859 4950
293 348 506 413 DIALOGUS
529 346 586 410 DE
607 348 880 413 onnTonmos.
1097 348 1157 414 163

38 536 80 587 ex
101 526 132 584 et
156 506 399 608 quinquaginta
419 510 553 599 annos,¹
578 507 705 605 quibus
733 530 819 581 mox
843 506 944 582 dimts
970 509 1163 609 Augustus·

38 626 256 723 rempublicam
271 626 382 699 rexit:
404 626 514 726 adlice
530 626 660 699 Tiberii
685 642 755 698 tres
771 638 806 699 et
829 624 962 723 viginti,
985 639 1020 697 et
1043 648 1155 724 prope

38 742 270 839 quadriennium
304 740 405 831 (inii,l
436 766 490 814 ac.
508 741 566 819 bis
593 742 908 839 quaterncndenos³
948 740 1085 815 Claudii
1118 758 1156 815 et

38 860 157 931 Neronis
180 882 304 948 armos,
325 874 429 955 atque
443 858 556 955 ipsum
574 858 712 946 Galbae,
735 870 770 931 et
794 856 958 946 Othonis,
975 873 1010 929 et
1025 855 1155 930 Vitellii

39 1000 119 1047 uum
134 981 292 1065 annum,⁴
307 1000 346 1048 ac
363 992 496 1047 sextam
508 976 580 1072 jam
596 971 703 1047 felicis
715 972 820 1073 hujus
835 973 1047 1073 principatlis
1062 972 1154 1049 stati-

40 1097 137 1181 oncn,⁵
168 1092 239 1189 qui
266 1090 493 1188 Vespasianus
525 1089 774 1186 rempublicam
798 1086 907 1178 foret,
944 1104 1084 1161 centum
1117 1106 1154 1162 et

39 1204 125 1301 viginti
139 1201 243 1281 nnrti⁶
258 1206 451 1280 abiuteritu
462 1204 693 1283 Ciceronisin
710 1206 804 1279 hunc
820 1206 912 1279 diem
928 1204 1155 1304 colliguntur,

39 1324 112 1397 unius
126 1322 273 1397 hortinis
289 1340 380 1409 atas.
423 1320 517 1397 Nam
533 1322 604 1420 ipse
616 1348 683 1422 ego
696 1323 732 1395 in
749 1321 926 1396 Britannii.
942 1322 1011 1394 vitii
1022 1342 1156 1411 senem,

38 1440 116 1533 quise
132 1438 297 1513 faterenrr
320 1440 352 1512 ei
374 1445 525 1539 pugnae⁷
548 1436 753 1528 interfuisse,
778 1438 849 1535 qui
862 1439 1046 1511 'Caesarem
1069 1435 1158 1511 infe-

38 1570 141 1627 rentem
156 1577 253 1629 arma
265 1555 464 1645 Britanniae,
480 1548 603 1629 arcere
614 1555 798 1644 littoribus,
813 1570 847 1627 et
862 1550 992 1652 pellere
1002 1548 1163 1652 adgressi·

38 1686 103 1743 sunt.
149 1674 198 1745 lta
221 1672 362 1761 sieum,
379 1672 439 1770 qui
454 1688 604 1745 armatus
621 1675 664 1747 C.
684 1670 814 1747 Caesari
830 1670 963 1767 restitit,
978 1668 1160 1767 relcapti·

38 1784 109 1875 vitas,
123 1788 175 1861 rel
187 1789 361 1877 voluntas,
377 1790 431 1860 rel
445 1782 555 1861 fa'tum
569 1788 709 1885 aliquod
722 1786 758 1859 in
774 1779 912 1865 Urbem
923 1786 1162 1883 pertraxisset,

39 1895 104 1972 idem
117 1904 291 1979 cessarem
306 1903 420 2000 ipsum
436 1920 472 1977 et-
488 1904 693 1979 Ciceronem
710 1904 829 1977 audire
843 1902 968 2001 potuit,
982 1920 1019 1976 et
1032 1901 1162 1975 nostris

38 2038 149 2115 quoque
171 2020 365 2093 actionibus
388 2019 559 2095 interesse.
609 2022 777 2095 Proximo
802 2021 944 2119 quidem
958 2011 1161 2120 congiario‘

40 2126 81 2223 ipsi
99 2133 225 2209 vidistis·
236 2138 422 2235 plerosque
437 2159 548 2228 senes,
565 2138 677 2237 quise
694 2139 715 2210 a
740 2124 822 2210 divo
837 2158 978 2235 qnoque
994 2141 1164 2235 Augusto

40 2250 118 2323 semel
133 2266 233 2349 atque
249 2250 375 2325 iterum
391 2254 560 2353 accepisse
576 2252 789 2353 congiarium
805 2254 1003 2325 narrabant:
1022 2276 1069 2324 ex
1085 2274 1163 2349 quo

40 2362 126 2463 colligi
144 2386 267 2465 potest,
284 2385 319 2441 et
335 2369 551 2443 Corvinum⁹
565 2372 608 2443 ab
624 2368 690 2442 illis
706 2383 741 2441 et
757 2366 917 2441 Asinium
933 2366 1041 2439 audiri
1055 2383 1158 2463 potu·

42 2470 93 2550 ise.
136 2485 228 2557 Nam
257 2485 430 2560 Corvinus
455 2486 492 2559 in
525 2485 679 2560 medium
710 2509 821 2582 usque
853 2481 1005 2584 Augusti
1033 2478 1159 2582 princi·

71 2795 88 2888 ὐ
105 2801 153 2863 Ser
178 2817 205 2866 et
231 2811 435 2889 quinquaginta
460 2831 554 2872 annos.
651 2808 663 2844 ⁸
698 2812 829 2872 Proximo
862 2808 976 2888 quidem*
1004 2807 1160 2888 congiario.

44 2875 145 2942 london
164 2905 350 2949 numerantur
369 2895 405 2950 ab
424 2895 478 2952 hoc
494 2899 556 2953 Au·
613 2895 732 2952 Biennio
764 2894 846 2951 ante:
881 2909 955 2949 antro
988 2891 1157 2968 Vespasiani

46 2961 96 3028 tnui
115 2969 259 3028 consulatu
282 2973 318 3029 nd
342 2973 404 3048 rjus
426 2986 555 3047 mortem,
613 2985 725 3053 (quarto,
740 2973 821 3031 U.C.
835 2969 903 3032 826.
917 2975 1015 3030 datum
1029 2983 1070 3029 est
1082 2971 1158 3029 illud

48 3056 91 3140 ll?
98 3049 205 3126 contigit
219 3057 254 3110 A.
271 3051 308 3108 U.
322 3053 355 3110 (¹.
371 3050 441 3122 767.
613 3056 799 3132 congiarium,
813 3056 897 3130 cnjus
920 3055 1058 3110 momoria
1077 3059 1160 3112 emt

99 3123 161 3185 Coti.
182 3133 244 3188 Caii
260 3131 411 3208 Caligulae.
429 3199 434 3212 .
614 3137 642 3193 in
654 3155 772 3192 nummo
785 3135 953 3204 Domitiani,
963 3137 985 3192 (¹
995 3133 1104 3191 ONG.
1116 3133 1160 3190 ll.

59 3193 83 3289 ,¹
118 3205 162 3265 Bo
194 3215 428 3288 quatemosdenos
463 3228 558 3271 annos.
615 3217 709 3276 cos
727 3215 767 3274 11.
786 3216 814 3272 u
829 3227 880 3286 est,
903 3215 1075 3292 congiarium
1088 3213 1161 3271 atse-

51 3273 121 3370 limi
132 3293 344 3362 quatuordecim
365 3313 452 3352 annos
471 3293 561 3372 inrpc·
614 3317 685 3367 rum,
701 3295 868 3354 Domitiano
879 3296 989 3354 consule
1000 3293 1161 3351 secundum.

52 3373 101 3468 nqt
111 3361 258 3431 Claudius:
283 3373 400 3432 totidem
417 3377 504 3433 Nero.
618 3379 649 3434 ln
663 3395 781 3434 nummo
795 3393 910 3454 quoquc
922 3375 991 3444 Titi,
1006 3375 1043 3430 T.
1055 3373 1162 3431 CAE-

61 3513 64 3522 .
104 3444 313 3512 Unumonnum.
339 3457 372 3512 ln
393 3455 479 3513 MSS.
501 3456 559 3512 Vn·
617 3459 704 3517 SAR
738 3453 1056 3515 VESPASIANUS
1090 3453 1161 3512 TR.

53 3525 282 3591 nncdnlonibus
290 3536 438 3607 veteribus,
448 3537 559 3613 longum
618 3541 650 3598 P.
663 3538 762 3596 008.
783 3537 827 3596 ll.
847 3548 931 3594 etex
952 3531 1049 3593 aversi
1070 3545 1161 3613 parte,

54 3603 262 3706 “flunmnom.
617 3619 758 3676 CONG.
790 3617 888 3676 ΤΕΒ.
922 3617 955 3674 P.
995 3617 1031 3674 R.
1066 3615 1162 3675 lMP.

107 3683 275 3774 lriscipatis
300 3695 456 3753 stelionem.
488 3696 559 3754 Sex·
618 3699 733 3756 ΜΑΧ.
755 3697 855 3757 DAT.
876 3697 967 3766 idest,
989 3694 1163 3775 congiarium

58 3757 258 3848 llolcsposiani
273 3793 388 3846 antrum,
409 3777 458 3852 qni
473 3778 559 3856 coepit
616 3779 731 3836 tertium
753 3770 854 3855 populo
878 3777 1002 3838 Romano
1033 3777 1163 3853 impensis

56 3827 111 3940 lullo
124 3865 215 3922 oronsc,
229 3859 266 3914 Α.
282 3855 318 3914 U.
332 3857 366 3912 C.
382 3863 448 3922 stt.
616 3859 741 3916 maximis
766 3859 871 3918 dotum.
906 3861 951 3917 De
977 3858 1021 3915 his
1040 3855 1163 3932 aliisque

108 3923 207 4022 §mlum
224 3935 367 4014 etoiginli
387 3937 463 3995 antri.
504 3935 562 3993 llo·
618 3939 785 4016 Principum
801 3941 995 3999 Romanorum
1008 3938 1163 4014 congiariis
1239 3976 1258 3992 ,

55 3997 121 4086 ¹lunclo
138 4008 249 4073 dictum.
291 4018 367 4074 Num
387 4018 460 4074 intcr
479 4018 561 4075 Cicu-
618 4020 708 4078 fusius
723 4020 835 4078 dicetur
847 4020 875 4078 in
890 4030 950 4078 not.
960 4033 989 4077 ct
999 4017 1111 4076 emend.
1124 4019 1163 4076 nd

61 4085 223 4151 ron*tinorum
235 4105 263 4154 et
275 4097 439 4174 Vespasiani
454 4115 560 4155 annum
619 4121 683 4178 cop.
701 4106 747 4168 17.
769 4101 870 4178 Ibique
883 4099 1075 4160 illustrabitur
1087 4117 1165 4238 egge·

63 4165 335 4234 exconsuotrantom
349 4179 414 4236 unni
432 4183 499 4244 117.
619 4182 697 4254 gium
711 4183 846 4239 Caesareae
858 4173 1112 4242 BibliothccaeVin
1133 4201 1164 4238 o·
1285 4209 1288 4216 ·

66 4229 97 4364 λ’
111 4241 144 4330 ,Εἰ
162 4269 263 4342 pugne.
288 4259 355 4316 Fuit
377 4259 439 4318 huc
468 4275 563 4337 pogna
622 4253 750 4319 bonensis
764 4271 990 4321 monumentum.

68 4317 170 4413 nll·
187 4333 251 4404 b99.
281 4337 368 4396 lllum
389 4336 562 4414 oecononum
660 4339 864 4416 ⁹Corcinum„
877 4343 1035 4402 Corvinum
1055 4340 1165 4400 Messa·

66 4397 229 4486 lintoolo
251 4419 343 4478 vidore
368 4439 425 4478 non
460 4419 563 4498 potuit,
622 4421 689 4492 lam,
703 4435 732 4478 ot
753 4422 884 4482 Asinium
901 4421 1070 4496 Pollionem,
1090 4439 1167 4502 seps

66 4481 382 4584 winnocum.
622 4519 709 4582 supro
722 4502 862 4563 laudatos.
942 4526 945 4533 ·
