2859 4950
271 282 330 338 188
638 273 673 334 C.
692 270 894 334 CORNELII
913 273 1051 336 raom
1111 287 1119 299 ·

265 431 323 506 rel
338 427 541 528 displiceret.
590 427 641 502 Ita
656 451 721 502 nec
744 445 939 525 preceptor
953 430 1070 505 deerat
1090 425 1390 530 optimusquidern,

257 565 302 621 et
315 544 547 632 etecusumus,
565 543 625 640 qui
640 541 765 616 faciem
782 543 1003 640 eloquentie,
1017 568 1091 618 non
1113 545 1297 645 imaginem
1318 574 1389 644 pra.

265 679 391 736 staret:
416 685 480 733 nec
497 659 678 734 adversarii
695 663 701 692 ¹
721 676 757 734 et
771 659 904 748 aemuli,
919 658 1027 749 ferro,
1044 685 1116 735 non
1131 661 1297 738 rudibus²
1310 663 1391 735 dini

217 761 223 784 ⁴
266 793 404 852 cantes:
424 777 485 850 sed
501 774 710 848 auditorium
724 797 864 872 semper
877 775 1033 872 plenum,
1052 800 1193 872 semper
1204 801 1342 865 novum,
1354 803 1390 848 er

261 893 385 968 irrvidis
412 909 447 966 et
472 891 677 979 fiverrtibus,
701 909 741 962 ut
767 917 832 964 nec
849 892 940 964 benis
967 892 1078 966 dicta³
1104 891 1388 966 dissimularentur.

264 1010 365 1082 Scitis
381 1009 472 1080 enim
490 1032 651 1106 magnam
672 1007 768 1080 illam
784 1024 819 1080 et
840 1009 1042 1081 duraturam
1061 1006 1268 1104 eloquentiae
1283 1004 1391 1080 famen

265 1147 341 1197 non·
363 1125 480 1196 mirrirs
501 1123 537 1194 in
556 1123 696 1196 diversis
721 1122 889 1196 subselliis
913 1123 1036 1219 parari,
1066 1123 1174 1220 quim
1195 1122 1288 1196 suis:
1311 1122 1391 1219 quin·

255 1239 374 1312 -immo
390 1237 601 1312 constantius
617 1263 760 1337 surgere
775 1239 835 1326 ibi,
853 1239 991 1312 fidelius
1008 1238 1236 1312 corroborari.
1290 1242 1396 1333 atque

265 1355 407 1427 hercule
433 1355 498 1426 sub
524 1354 691 1451 ejusmodi
712 1354 980 1451 praeceptoribus
1005 1352 1139 1451 juvenis
1164 1353 1238 1440 ille,
1268 1353 1309 1424 de
1335 1376 1396 1447 quo

265 1469 454 1566 loquimur,
478 1485 655 1541 oratorum
671 1469 872 1566 discipulus,
894 1466 962 1540 fori
987 1469 1135 1558 auditor,
1158 1484 1305 1541 sectator
1321 1467 1393 1564 judi

211 1607 213 1612 ’
266 1585 413 1666 ciorum,
441 1579 596 1656 eruditus
619 1600 653 1654 et
676 1581 892 1656 adsuefactus
911 1585 1027 1657 alienis
1053 1583 1309 1680 experimentis,
1337 1581 1392 1667 cui,

265 1699 417 1797 quotidie
440 1698 604 1786 audienti,
639 1717 731 1772 notae
755 1701 863 1798 leges,
898 1725 971 1772 non
993 1701 1075 1774 novi
1099 1699 1259 1798 judicum
1284 1697 1396 1781 vultus.

266 1813 428 1911 frequens
456 1813 492 1884 in
517 1814 624 1886 oculis
652 1816 868 1887 consuetudo
894 1815 1113 1904 concionum,
1139 1839 1233 1911 saepe
1261 1811 1389 1910 cognita

265 1927 386 2026 populi
395 1953 507 2019 aures,
517 1929 586 2002 sive
599 1929 848 2002 accusationem
858 1949 1064 2031 susceperat,
1077 1930 1147 2004 sive
1160 1927 1391 2010 defensionem,

265 2044 360 2117 solus
374 2043 487 2118 statim
502 2061 536 2118 et
553 2049 666 2118 unus⁴
682 2045 888 2143 cuicumque
904 2071 1016 2120 causae
1032 2072 1095 2144 par
1110 2064 1194 2120 erat.
1245 2043 1392 2120 Nonode·

253 2159 379 2233 ,εἰιιιος
396 2161 503 2234 aetatis
528 2185 618 2234 anno
642 2165 683 2234 L.
705 2165 850 2236 Crassus
867 2166 911 2236 C.
930 2165 1142 2250 Carbonem,
1167 2187 1241 2234 uno
1265 2177 1299 2234 et
1321 2158 1392 2228 vice·

266 2269 376 2348 sinr0⁶
395 2279 513 2350 Caesar
529 2276 763 2366 Dolabellam,
778 2277 888 2350 altero
904 2294 940 2352 et
953 2277 1115 2356 vicesimo
1137 2278 1280 2358 Asinius
1300 2272 1393 2349 Pollio

307 2558 576 2618 'Necudversnrr'i.
618 2562 681 2618 Nec
695 2561 810 2618 deerant
862 2561 990 2619 A.U.C.
1003 2558 1072 2621 684.
1100 2562 1186 2617 Anno
1200 2559 1325 2636 sequenti
1337 2556 1391 2613 Car·

263 2641 417 2697 adversarii
429 2652 457 2697 et
471 2641 579 2713 aemuli,
590 2642 640 2716 qui
655 2642 738 2713 lerro,
754 2660 811 2701 nou
864 2644 964 2699 bouem
977 2641 1123 2700 accusarit
1131 2642 1250 2699 Crassus
1262 2657 1344 2697 nonos
1355 2654 1392 2691 na·

266 2721 386 2779 rudibus
398 2720 583 2779 dimicabant.
864 2740 908 2780 rus
930 2742 1019 2779 uuum
1031 2737 1061 2779 et
1072 2721 1180 2798 viginti,
1203 2733 1236 2778 ut
1254 2722 1311 2799 ipse
1324 2731 1391 2773 testa·

306 2796 320 2821 ²
341 2800 408 2858 Non
442 2800 564 2857 rudibus.
617 2800 717 2871 liudis,
750 2814 811 2858 erat
864 2816 910 2859 tur
926 2804 1005 2879 apud
1025 2803 1201 2870 Ciceronem,
1219 2802 1295 2858 Libr.
1309 2814 1353 2854 ιιι,
1365 2796 1392 2849 de

266 2880 352 2954 uirga,
372 2881 430 2956 quir
443 2880 630 2956 gladiatorum
646 2882 748 2939 tirones
761 2900 811 2939 ex·
862 2882 993 2951 Oratore,
1010 2901 1075 2958 cap.
1089 2889 1139 2947 74.
1150 2883 1211 2957 ipse.
1227 2884 1337 2941 sermm
1348 2893 1392 2963 ³⁸4·

266 2962 443 3030 emebantur,
472 2962 623 3037 nrrtequirrrr
652 2962 725 3019 l'erro
750 2982 813 3021 rnu-
862 2962 1029 3022 tertianae
1044 2964 1169 3039 publicar
1183 2975 1391 3019 causasarum.

267 3040 456 3117 crorribusqrre
469 3042 647 3099 dimicarent.
862 3064 1001 3120 annosque
1011 3050 1093 3099 nulus
1108 3063 1188 3099 unrrnr
1203 3052 1232 3099 et
1246 3036 1343 3117 viginti
1356 3055 1392 3089 uu·

305 3114 318 3150 ⁸
340 3122 403 3179 Nec
422 3122 488 3178 bend
506 3122 590 3179 dictu.
635 3122 812 3180 Emerrrlabst
863 3123 1021 3181 bilistt'mrtm
1034 3123 1166 3180 hominem
1180 3131 1209 3178 cl
1223 3115 1391 3197 eloquentius·

268 3201 435 3276 lludolphus
450 3202 594 3279 Agricola,
609 3204 671 3261 Nec
684 3204 750 3261 bend
761 3224 811 3261 nec
863 3223 934 3262 mrrnr
954 3205 983 3261 ia
993 3199 1136 3283 judicium
1155 3201 1269 3263 vocavi.
1310 3192 1390 3254 l’ostei

267 3281 433 3340 maledieta.
475 3284 520 3341 ad
535 3304 646 3340 sensum
658 3284 798 3361 appositi.
864 3286 1002 3342 maturius
1024 3297 1138 3340 oratum
1164 3279 1249 3339 fuisse
1273 3279 1391 3337 resista

306 3361 320 3393 ⁴
341 3364 423 3420 Solus
447 3365 541 3421 statim
565 3374 592 3420 et
614 3384 692 3421 uuus.
736 3364 811 3420 sene
864 3362 984 3435 Plinius,
997 3384 1027 3422 v.
1043 3358 1388 3440 Epsqaiaadeeieeeno

268 3442 374 3499 illustr.
388 3442 528 3501 Huetius:
543 3444 610 3502 Non
626 3444 675 3503 huc
686 3444 740 3501 etsi
751 3444 812 3503 uuit
862 3446 955 3503 relatis
974 3464 1047 3503 anno
1068 3444 1160 3501 dicere
1179 3444 1207 3499 in
1220 3442 1292 3521 jero
1311 3434 1389 3511 curit-

266 3524 369 3581 nullum
384 3524 466 3583 ulium
476 3534 581 3601 praela·
594 3525 679 3601 ipsum
694 3524 812 3582 cuicum-
867 3526 956 3583 Nobis
971 3544 1086 3602 quoque
1100 3542 1155 3579 nun
1169 3524 1281 3579 defuere
1291 3532 1389 3599 pranu-

190 3653 194 3660 .
267 3623 318 3678 que
331 3622 522 3679 cuusoepnrem
537 3605 639 3685 fuisse,
658 3604 707 3661 sed
720 3624 813 3681 quom·
863 3616 934 3663 turae
953 3604 1122 3681 eloquentiae
1144 3602 1284 3679 exempla.
1321 3596 1388 3652 Visus

251 3692 379 3759 'suntque
402 3702 510 3743 curteum
524 3686 561 3741 ud
575 3704 633 3741 erem
659 3686 814 3753 detulisses,
863 3699 903 3745 est
920 3687 1063 3763 superiore
1082 3684 1315 3743 seculolacobus
1336 3676 1388 3760 Col·

265 3764 461 3840 solrrmr'psuru,
482 3766 815 3824 nulloinsulrririimnus-
865 3768 922 3836 bin,
950 3786 1036 3843 quern
1060 3777 1173 3821 senatus
1200 3757 1348 3821 Parisrerrsis
1367 3769 1388 3806 111

265 3853 363 3911 srrnrlo,
397 3845 500 3902 nullius
532 3846 667 3902 udroeeto
699 3845 814 3915 auxilio,
863 3846 962 3903 album
985 3846 1188 3903 advocatorum
1209 3843 1304 3901 retulit
1321 3849 1388 3893 anum

265 3924 401 3980 arr-slinere
414 3924 499 4000 ipsum
512 3925 642 4001 putuisse.
864 3937 975 3984 tautum
996 3926 1133 3985 tredecim
1151 3937 1268 3983 natum:
1288 3920 1386 3995 primur

261 4068 263 4071 ,
307 4000 317 4035 ⁵
347 4004 545 4063 il'onodecirno.
597 4006 683 4061 Error
709 4004 813 4081 aliquis
864 3999 1386 4085 causampublicitegitdiepriminas·

247 4080 295 4139 'irr
322 4085 447 4139 numeris
474 4084 594 4162 irrepsit.
652 4086 746 4143 Natus
771 4100 813 4142 est
864 4090 901 4145 sis
915 4087 1031 4164 Aprilis,
1052 4106 1128 4144 anno
1144 4080 1230 4145 1632.
1250 4080 1330 4141 atatis
1341 4089 1384 4130 suu

264 4164 338 4221 enim
355 4162 388 4220 L.
403 4164 528 4228 Crassus,
544 4177 612 4221 teste
626 4166 763 4223 Cicerone
777 4167 812 4221 de
865 4168 1092 4244 quartodecimo

264 4244 335 4301 clar.
348 4242 433 4299 Orat.
444 4262 499 4320 cap
523 4252 572 4304 43.
582 4246 621 4315 Q.
635 4247 811 4323 Caepionem
905 4242 919 4278 ⁶
942 4248 1006 4307 Uno
1019 4256 1048 4305 et
1059 4248 1201 4319 vicesimo.
1240 4233 1385 4304 Julius&h

265 4324 298 4381 C.
313 4323 402 4381 erlio
414 4327 591 4393 consulibus,
604 4334 641 4383 A.
654 4327 688 4384 U.
697 4324 810 4387 C.614.
864 4347 909 4386 sar
922 4341 1006 4385 natus
1019 4338 1061 4385 est
1074 4333 1110 4385 A.
1122 4330 1158 4386 U.
1170 4330 1206 4386 C.
1219 4322 1284 4385 654.
1302 4320 1385 4386 cmlii·

264 4404 371 4463 Consul
404 4406 457 4461 leit
487 4410 520 4463 C.
554 4408 684 4484 Papirius
715 4409 810 4467 Carbo
863 4408 937 4469 liurn
961 4408 1156 4485 Dolabellam,
1188 4404 1347 4473 consumar
1365 4400 1386 4441 ¹⁸¹
