2859 4950
48 268 70 330 J,
86 267 115 326 C.
133 269 179 350 η.
317 261 425 320 LIBRI
447 257 595 330 QUINTI
617 252 861 318 ANNALIUM.
1020 335 1024 343 Ι
1115 266 1177 332 2³9
1224 262 1228 266 ’

48 407 203 496 Caesarem
228 415 350 492 mittit:
387 439 486 504 mox,
513 407 559 490 ne
587 413 666 489 filiis
698 429 871 512 superstes
885 465 890 485 .
904 411 1008 504 vivat,
1035 439 1072 488 se
1103 375 1177 515 ipsa

49 535 206 626 interficit,
274 617 276 622 ,

86 783 140 843 44.
166 771 385 858 Cusanum,
408 765 445 840 in
472 753 604 842 silentia
619 751 843 855 obstinatum,
859 765 940 839 vicit
956 767 1179 844 accusationis
1196 814 1202 827 ι

49 879 196 984 g‘nvins:
229 885 276 958 ad
305 887 471 958 Senatum
497 881 626 971 scribit,
653 880 894 956 “manifestos
922 885 1043 957 mortis
1072 886 1183 962 Drusi

49 1011 68 1044 ‘⁴
88 1025 178 1076 reos:
221 997 323 1097 aequd
356 997 483 1072 atrocia
498 1047 502 1052 -
519 995 708 1072 adverstlm
739 1021 778 1072 se
815 997 1036 1071 adtentata:”
1057 1043 1059 1051 ·
1069 1004 1182 1100 jubet,

50 1119 280 1191 “Eudemum
312 1140 352 1189 ac
382 1117 567 1216 Lygdum¹
598 1115 784 1188 tormentis
819 1115 960 1215 subjici:
1005 1116 1184 1220 utriusque

50 1229 322 1332 “conjurationis
354 1246 550 1328 compertos
583 1229 770 1328 opprirni.”
837 1233 935 1305 Tum
967 1233 1125 1330 publica·
1145 1235 1183 1310 in

51 1350 192 1447 Sejanum
218 1347 298 1421 odia
324 1347 586 1420 recrudescere:
614 1347 822 1420 invalescere
836 1348 947 1422 Drusi
962 1349 1185 1442 desiderium,

53 1464 161 1538 liberii
175 1489 295 1538 amor:
323 1461 538 1538 confessione
555 1461 702 1538 Eudemi
720 1487 761 1537 ac
784 1463 911 1562 Lygdi,
938 1466 998 1564 qui
1015 1466 1127 1566 Sejani
1144 1493 1185 1542 ac

53 1578 138 1654 liviae
154 1579 319 1670 facinora,
337 1595 371 1652 et
386 1579 430 1652 ab
446 1578 486 1652 iis
502 1577 680 1676 propinata
695 1579 817 1652 Druso
832 1603 965 1653 venena
980 1580 1186 1678 patefecere,

52 1714 131 1769 aucta
153 1696 339 1771 miseratio,
389 1697 535 1794 Ipseque
563 1694 737 1784 Tiberius,
765 1693 947 1785 virtutum,
973 1696 1032 1770 ubi
1045 1698 1187 1773 artibus
1224 1688 1230 1712 ¹

38 1811 107 1900 suis
131 1812 241 1904 utiles,
271 1811 366 1885 haud
391 1811 500 1901 rudis,
530 1809 722 1885 clementiae
760 1811 900 1885 laudem
938 1814 1084 1904 obtinet,
1115 1813 1186 1890 vital

55 1925 165 2018 nviae:
191 1925 326 2002 infandi
354 1927 491 2002 sceleris
521 1927 701 2016 convicta,
734 1929 781 2001 ob
811 1928 976 2007 Antoniae
1005 1916 1126 2005 merita
1152 1949 1188 2006 et

55 2040 191 2117 virtutem
206 2041 386 2142 permissi.
437 2043 655 2146 Indulgentid
673 2044 820 2121 Caesaris
836 2045 931 2118 abuti
946 2046 1041 2118 haud
1057 2047 1187 2140 valuit;

55 2158 219 2256 aboptimal
231 2177 389 2259 parente,
405 2160 467 2234 sed
483 2159 652 2236 maximas
668 2158 800 2256 pietatis
814 2177 929 2256 partes
950 2160 987 2234 in
1002 2161 1188 2237 criminum

56 2272 179 2350 mulcta
193 2275 426 2374 positas-rati,
442 2273 534 2351 fame
547 2292 676 2350 enecta.
728 2276 827 2349 Illam
840 2275 862 2348 d
877 2275 1019 2349 Tiberio
1027 2277 1189 2353 interem-

56 2402 109 2461 tatu
123 2392 263 2491 quidam
279 2391 487 2492 prodidere,³
504 2394 642 2466 nullum
659 2395 703 2466 ab
724 2391 848 2466 immiti
863 2392 1022 2493 Principe
1037 2395 1188 2470 clemen·

56 2502 97 2579 tia
111 2507 243 2621 signum
258 2533 426 2608 umquam
442 2510 574 2585 editum
590 2510 729 2607 opinati.

91 2750 143 2812 at.
164 2741 325 2816 Damon
342 2740 379 2816 in
389 2742 502 2843 Sejani
518 2740 661 2819 asseclas
677 2756 748 2818 tota
759 2744 914 2821 incubuit
930 2745 1050 2845 legum
1066 2744 1191 2821 severi-

57 2866 104 2938 tas·
149 2858 312 2955 Correpti
329 2876 500 2959 quotquot
516 2864 590 2960 ejus
606 2858 749 2935 favore⁴
774 2880 809 2935 et
834 2862 994 2937 societate
1015 2862 1189 2953 celebrati,

58 2964 106 3043 nisi
119 2970 177 3069 ipsi
193 2974 390 3048 delatorum
400 2976 546 3051 nomine
562 2994 597 3049 et
614 2973 872 3053 accusationum
887 2978 1063 3053 atrocitate
1078 2978 1191 3077 impu·

59 3079 177 3163 nitatem
192 3109 447 3187 mercarentur;
474 3094 511 3167 in
519 3097 576 3193 jus
593 3096 695 3168 etiam
710 3094 861 3186 redacti,
878 3095 963 3169 olim
980 3095 1140 3184 accusati,
1155 3112 1192 3168 et

60 3197 115 3293 ejus
129 3204 234 3301 gradal
262 3207 425 3281 absoluti:
452 3195 638 3303 senatores,
663 3211 808 3311 equites,
836 3211 934 3285 virile
957 3237 999 3285 ac
1019 3204 1193 3284 lnuliebre

60 3330 151 3407 tuus,
165 3319 201 3393 in
228 3346 403 3397 carcerem
419 3324 584 3415 contrusi,
601 3343 659 3399 aut
681 3328 774 3424 apud
801 3326 1019 3427 magistratus
1045 3326 1194 3399 vadesve

60 3426 225 3508 aueum
253 3437 405 3535 plurimi,
422 3464 466 3512 ne
482 3440 741 3538 publicarentur
765 3444 870 3532 bona,
887 3459 923 3515 et
943 3439 1063 3515 irrfanti
1079 3460 1192 3515 morte
1286 3455 1288 3459 '
1332 3454 1336 3463 '

61 3538 358 3645 dehonestarentur,
385 3554 448 3629 sibi
475 3582 597 3632 manus
626 3558 795 3633 intulere:
836 3557 939 3633 ceteri
967 3558 1131 3648 damnati,
1157 3578 1194 3648 et¹

61 3660 205 3759 supplicio
220 3667 366 3744 adfecti:
394 3672 552 3748 nonnulli
568 3672 804 3750 defensionem
820 3674 993 3774 suscipere
1008 3673 1091 3747 ausi.
1180 3770 1183 3775 .

101 3902 153 3967 46.
178 3900 382 3995 Quaruon
416 3922 451 3977 et
483 3907 709 4007 quadraginta
741 3885 911 3982 orationes
940 3931 1044 4003 super
1077 3905 1118 3978 ei
1156 3932 1197 3978 re

65 3994 181 4103 habitae,
197 4041 242 4089 ex
258 4018 355 4115 queis
372 4021 418 4092 ob
435 4042 567 4095 metum
589 4042 628 4103 et.
650 4024 820 4099 scelerum
848 4023 1051 4096 memoriam
1075 4046 1195 4121 paucae

66 4194 466 4352 Adndulssml'fmygdum'
497 4219 591 4279 Tacit.
649 4219 707 4361 'HL
723 4222 844 4290 Quidum
855 4222 1015 4297 prodidere.
1049 4222 1112 4297 lpse
1129 4220 1196 4289 Dio,

96 4330 321 4456 'lsltcl'Lt'v'itr-
364 4378 433 4448 Dio,
458 4379 516 4438 loc.
542 4380 592 4437 cit.
648 4322 858 4459 Uscorreptt
871 4390 1005 4458 quotquot
1019 4381 1200 4458 gjurqt‘ut‘ore.
1288 4400 1297 4407 ·

69 4429 211 4595 &illidi
222 4464 253 4593 ecl
265 4456 401 4597 ⁴agutonial
429 4460 492 4520 vide
512 4470 594 4521 stem.
651 4460 722 4539 Dio,
738 4480 833 4521 cvm.
849 4481 878 4538 p.
892 4457 963 4519 630.
