2859 4950
230 262 292 320 224
468 299 473 310 ·
640 251 982 316 SUPPLEMENTUM
1185 253 1388 322 A.U.C·783.

286 425 346 488 20.
374 414 466 486 luna
485 407 676 510 ingruentis
697 407 781 484 mali
794 407 944 500 nescius,
967 427 1003 482 et
1020 405 1217 508 semdpe
1239 409 1389 485 honorifi-

235 529 277 606 οὲ
295 547 475 626 exceptus,
501 529 600 602 laetus
616 551 747 600 mensae
769 525 945 615 intererat,
970 525 1057 600 ciam
1076 522 1283 598 einuntiata
1305 551 1388 600 sena·

235 647 295 722 tus
304 651 414 746 jussa:
432 642 599 739 Principis
609 640 755 716 conviva
763 639 891 738 pariter
902 657 937 714 et
948 664 1030 714 reus
1042 640 1230 738 expalluit,
1247 643 1387 740 jamque,

236 779 276 836 ut
293 759 408 835 liberis
424 759 633 846 consuleret,
649 775 842 830 extremam
859 757 1096 830 necessitatem
1112 759 1269 854 parabat.
1298 759 1388 831 Tibe·

237 877 309 952 rius
326 903 420 966 eum,
447 883 472 919 ‘⁶
490 875 643 962 senatus3
669 874 784 972 Sejani
799 899 839 946 ac
855 873 1023 970 Principis
1044 874 1164 973 gratiae
1181 891 1331 962 certum,
1352 875 1387 946 atl

238 1002 265 1038 ‘⁶
290 993 394 1066 animi
421 989 683 1078 firmitudinem,
709 990 1033 1086 accusationemque
1060 990 1203 1062 strenue
1235 989 1389 1086 repellen-

239 1117 265 1154 “
291 1111 411 1199 dam‚'’
439 1109 607 1180 hortatur.
660 1091 725 1196 At,
760 1109 847 1180 citro
876 1109 1031 1180 Romam
1056 1107 1164 1194 venit,
1199 1105 1299 1179 nulli
1322 1103 1389 1176 dati

238 1223 446 1300 defensionis
475 1221 650 1310 facultate,
675 1223 815 1296 ademto
844 1223 947 1296 etiam
975 1223 1146 1296 sermonis
1173 1239 1212 1294 et
1240 1219 1388 1317 colloquii

240 1368 319 1430 usu,
345 1339 417 1436 spei
432 1362 564 1436 egenus
580 1337 766 1426 clauditur,
790 1337 831 1412 iis
847 1339 1000 1427 tantum,
1025 1338 1152 1435 quibus
1173 1338 1237 1410 vix
1259 1337 1388 1424 viveret,

240 1458 329 1534 orori
357 1473 471 1528 tamen
487 1479 560 1528 non
576 1475 703 1550 posset,
725 1451 912 1551 permissis.
964 1454 1120 1552 Syriaco,
1143 1455 1224 1528 viro
1250 1453 1388 1539 diserto,'

239 1571 369 1650 nullius
396 1569 547 1643 criminis
573 1591 649 1656 reo,
674 1570 737 1641 sed
758 1571 806 1642 ob
827 1569 939 1642 Asinii
968 1569 1151 1648 amicitiam
1179 1569 1306 1659 inviso,
1328 1591 1389 1642 sors

240 1689 367 1776 laetior,
392 1684 619 1782 deproperasti
637 1704 763 1774 morte,
790 1687 923 1787 obtigit.
975 1689 1115 1762 Laetum
1141 1689 1239 1760 enim
1260 1675 1389 1758 interfici

241 1807 279 1884 in
300 1803 367 1877 haic
389 1801 486 1902 gravi
513 1817 626 1889 aetate,
652 1801 723 1901 qul
738 1801 903 1900 Princeps
922 1801 993 1875 vitai
1017 1803 1093 1900 ipsa
1119 1802 1246 1878 saevire
1273 1799 1389 1896 coepit,¹

243 1944 390 2017 eamque
407 1933 518 1990 morte
535 1916 721 1992 tristiorem
747 1916 884 1992 facere:
910 1943 1104 2017 numquam
1129 1921 1271 2010 saevior,
1295 1916 1388 2025 quim

242 2041 343 2126 cum,
359 2032 515 2133 supplicii
532 2059 669 2130 parcus,
687 2051 850 2126 mortem,
863 2034 1025 2108 ultimum
1042 2037 1219 2110 malorum
1235 2020 1387 2124 levario,

242 2152 385 2246 invidit3
411 2149 491 2230 vita
507 2175 650 2224 usuram
666 2150 702 2224 in
719 2169 893 2226 tormenta
907 2151 1088 2230 convertit.

294 2401 354 2462 21.
380 2389 559 2462 Iuratust
578 2385 753 2479 Tiberius,
768 2386 805 2462 io
821 2391 953 2491 majora
968 2390 1132 2481 intentus,
1155 2389 1301 2492 ipsaque
1311 2389 1384 2488 Seja·

243 2505 461 2603 niobsequia
475 2505 617 2595 veritus,
642 2532 764 2579 omnes
786 2510 1002 2606 pertentandi
1026 2508 1173 2599 numos,
1199 2526 1236 2583 et
1251 2506 1385 2582 domina·

245 2624 374 2697 tionem
384 2620 553 2696 retinendi
569 2640 659 2694 artes
675 2623 850 2714 meditari,
869 2626 1034 2723 Seianum
1045 2625 1246 2722 explorare,
1258 2622 1385 2699 circum

243 2754 399 2835 spectare
415 2736 554 2828 vultus3
582 2728 684 2828 dicta,
704 2736 808 2830 lacta,
824 2740 965 2815 consilia
979 2743 1174 2815 observare.
1226 2745 1279 2844 At
1293 2732 1385 2815 homi·

244 2878 332 2931 num
364 2852 522 2943 callidus,
560 2878 703 2952 eosque,
737 2857 890 2931 adversis
920 2876 1053 2948 cautos,
1077 2858 1192 2933 dubiis
1224 2860 1385 2936 obscum,

244 2968 417 3069 prosperis
434 2984 525 3047 totos
540 2987 657 3067 patere
673 2990 802 3064 certus,
818 2974 858 3049 iis
874 2993 1060 3075 grassatur,
1079 2992 1120 3049 ut
1134 2975 1191 3048 vel
1206 2972 1384 3049 inviolatam

244 3088 319 3185 ejus
335 3084 441 3161 fidem
459 3088 599 3184 aperiat,
624 3088 679 3163 vel
702 3092 885 3187 perfidiam
906 3091 1140 3203 prosperitatis
1156 3091 1252 3165 mole
1267 3090 1382 3161 obruo

199 3190 203 3197 ’
243 3202 388 3301 Sejanus
414 3226 607 3301 numquam
624 3204 716 3281 visus
733 3208 867 3300 carior3
894 3208 1061 3307 Principis
1080 3208 1267 3283 continuus
1277 3218 1310 3275 et
1323 3194 1383 3271 inti·

245 3340 337 3408 mus,
349 3321 396 3393 ob
414 3318 539 3393 laboris
555 3322 766 3417 patientiam,
778 3324 882 3399 nunti
894 3324 1065 3425 vigorem,
1075 3322 1252 3423 egregiam
1268 3314 1381 3393 modes·

245 3432 340 3524 ticin,
357 3435 455 3509 novis
470 3436 507 3509 in
523 3435 596 3510 dies
613 3436 804 3514 honoribus
819 3459 1011 3516 mactanrrr
1032 3439 1069 3512 in
1085 3433 1295 3512 conscientia
1309 3448 1381 3505 arca·

245 3574 387 3645 norum,
412 3568 447 3625 et
463 3552 903 3665 reipublicae-capessendae
919 3557 1005 3634 curi
1020 3554 1228 3638 innectitur:
1255 3538 1379 3627 Consul,

288 3889 387 3948 'Viro
400 3892 514 3951 diserto.
557 3898 656 3957 Scncc.
672 3900 800 3959 incon·
848 3902 908 3971 bnt,
928 3908 970 3971 nt,
991 3900 1052 3959 clm
1074 3896 1199 3957 audisset
1212 3886 1373 3956 numisma

247 3981 318 4061 troo.
339 3980 368 4039 9·
410 3974 673 4051 Syriacos-moon
695 3982 798 4039 tliscrti
849 3982 1004 4039 Corcillum
1017 3980 1136 4051 nomine,
1153 3973 1374 4056 anticipassent·

246 4052 327 4115 illm·
849 4062 1064 4121 exclamauerit:
1088 4059 1231 4119 Curtilius
1245 4075 1284 4115 me
1297 4044 1372 4108 omi

287 4128 301 4155 ²
324 4130 464 4223 Vittlipsael
475 4138 572 4195 scrire
595 4142 685 4217 cupit.
728 4142 801 4199 Sue·
850 4144 891 4200 Et
904 4144 932 4200 in
944 4141 1173 4221 recognoscendis
1186 4132 1371 4203 custoditnrff·

246 4224 304 4277 ton.
319 4213 348 4269 in
361 4212 457 4273 Tibur.
473 4236 542 4277 ικι.
584 4220 665 4279 Mori
682 4222 800 4281 colenti·
848 4223 927 4281 conti
934 4224 1042 4281 cuidam
1052 4242 1139 4299 pono
1148 4218 1371 4293 ‚naturisutenft

246 4296 295 4351 bns
327 4295 369 4351 nis
400 4296 526 4357 adhibito
557 4300 677 4359 ruendi.
720 4304 797 4360 Nom
847 4304 976 4381 spondit:
991 4303 1127 4363 Nondum
1139 4294 1370 4376 remanorum*

246 4382 360 4437 morton
377 4376 444 4434 odeo
458 4378 516 4438 lece
529 4380 694 4459 supplicium
712 4392 800 4464 puto·
850 4385 932 4445 redii.
