2859 4950
340 226 400 289 au
422 224 557 286 vrrsu
577 224 647 283 cu.
667 222 753 285 sut.
772 225 1006 287 semeonis.
1176 220 1253 295 oo(

86 404 163 449 cum
176 344 534 465 incoliiprovinciarurn,
544 400 619 464 quas
633 400 713 441 nunc
729 377 868 457 dicimus,
880 379 932 444 tlte
945 376 1140 469 Couutr'estp‘*
1146 382 1239 449 Conr-

86 494 230 571 berlrmd,
246 488 421 580 Gallomoy,
444 488 585 568 Corrtire,
602 488 729 579 Argyll,
746 488 918 571 lureruess,
936 490 1173 575 Strntlmoveru‚
1186 498 1238 572 hc.

86 605 174 671 Cum
196 618 368 668 extremum
385 601 493 665 insula
505 601 550 665 sic
563 602 741 684 attigissent,
756 601 855 665 sinum
871 600 1035 667 Perrtlorrd
1050 603 1140 669 Firtlr
1162 605 1240 673 iuter

84 714 280 782 Britanniam
295 728 326 779 et
341 713 490 792 Orcadas,
501 712 552 777 tlte
568 712 695 800 Orinep
705 712 784 791 ister,
799 712 925 797 ingressi
940 726 1021 794 sunt,
1035 728 1066 779 et
1081 713 1111 779 in
1127 716 1240 782 Orien-

82 826 180 893 talem
205 826 369 891 Britannia
395 838 513 910 partem
536 822 657 888 flexere.
702 823 796 901 Nova
818 824 888 887 inde
911 825 1014 910 praelia
1035 852 1108 892 curn
1130 829 1239 895 incolis

81 941 314 1029 provinciarum
337 935 510 1015 Cuitlrness,
526 934 725 1014 Sutherlund,
743 934 891 1023 Murroy,
909 934 1053 1016 Buchon,
1070 941 1123 1015 the.
1143 966 1240 1029 eaque

81 1050 267 1119 infeliciora.
322 1046 537 1132 Imprudentes
566 1046 647 1111 euim
676 1046 706 1111 in
737 1060 835 1113 castra
864 1046 1087 1131 Romanorum,
1118 1055 1171 1139 qui
1197 1056 1240 1121 ibi

82 1164 266 1239 tendebant,
284 1159 428 1236 incidere,
448 1164 496 1223 sul
511 1156 606 1223 ἔλαθον
620 1163 652 1223 ἐκ
673 1165 722 1223 τοῦ
742 1160 784 1223 inl
800 1145 914 1247 ldrspor,
927 1163 995 1248 agl,
1009 1168 1047 1226 rai
1062 1167 1240 1252 superdanda

81 1277 127 1338 rol
148 1278 239 1361 ταυτῇ
262 1269 329 1336 ὄντα
350 1270 535 1359 προσχόντες,
559 1269 636 1349 Dio,
658 1269 733 1335 ibid.
779 1269 875 1335 Novo
895 1258 964 1333 lroc*
977 1273 1117 1357 periculo
1131 1278 1238 1359 territi,

82 1397 313 1469 castrensesque
327 1404 434 1467 poenas
447 1381 556 1463 magis,
572 1379 665 1467 quam
681 1380 901 1463 calamitosam,
925 1384 977 1447 sed
999 1384 1138 1467 liberam,
1152 1410 1239 1453 suam

83 1508 201 1561 sortem
215 1494 312 1573 exosi,
328 1493 490 1558 liburnicas
506 1490 638 1576 ptopcre
652 1506 804 1576 repetunt,
819 1506 852 1557 et
863 1494 894 1557 in
908 1494 1003 1559 altum
1019 1499 1239 1581 provehuntur.

83 1609 217 1672 Summa
229 1604 314 1671 brevi
328 1604 385 1669 tuit
406 1626 508 1669 rerum
523 1602 661 1667 omnium
676 1603 798 1688 inopia:
822 1604 852 1669 in
872 1604 907 1669 iis
922 1607 1078 1689 angustiis,
1102 1610 1238 1693 primum

81 1715 307 1783 infirmissimos
317 1738 455 1793 suorum,
464 1713 573 1779 deinde
580 1728 662 1779 sorte
676 1716 784 1779 ductos
799 1714 879 1781 vesci
890 1740 1024 1802 coepere.
1046 1720 1155 1807 'l'arrtis
1164 1744 1238 1789 cou-

77 1828 193 1901 ,tlictati
209 1824 348 1906 miseriis,
363 1836 547 1910 tempestate
560 1838 613 1889 aut
626 1825 695 1910 ipso
719 1826 839 1891 Oceani
854 1826 971 1912 impetu
986 1828 1017 1893 iu
1032 1854 1115 1895 mare
1132 1834 1239 1900 Sueri-

82 1964 170 2021 cum,
188 1939 239 2005 the
254 1936 375 2017 Balcia,
388 1938 600 2002 detruduntur.
644 1935 696 2002 Ibi
708 1961 800 2001 naves
814 1960 894 2017 suas,
908 1938 1026 2005 uiarum
1040 1944 1193 2011 erroribus
1207 1959 1238 2013 et

81 2050 208 2137 regendi
228 2048 350 2115 inscitia
369 2072 504 2134 quassas,
524 2048 662 2113 amisere.
708 2048 874 2113 Neminem
895 2075 1003 2117 eorum
1023 2054 1112 2119 sortis
1130 2058 1236 2123 misen

83 2176 151 2229 tum
165 2175 222 2240 est,
236 2161 319 2249 qubd
335 2184 393 2246 pro
407 2159 602 2245 predonibus
613 2160 806 2225 haberentur.
852 2158 950 2245 Igitur
963 2164 1036 2227 dum
1051 2166 1235 2251 eluctautur,

82 2288 120 2341 ut
133 2274 245 2360 patrios
258 2274 345 2339 sedes
359 2283 510 2356 repetant,
521 2270 654 2356 primum
666 2269 685 2335 al
697 2271 805 2335 Suavis
816 2270 894 2337 inter
905 2272 1012 2339 Albim
1027 2288 1058 2341 et
1071 2278 1233 2362 vistulam,

82 2408 157 2451 mox
178 2383 199 2449 d
221 2383 326 2450 Frisiis
347 2383 425 2449 iuter
443 2381 595 2450 Amisiam
612 2398 643 2447 et
657 2383 813 2461 Rhenum,
829 2383 991 2470 intercepti
1006 2402 1085 2453 suut.
1129 2390 1234 2464 Quos.

82 2498 154 2562 dam
167 2519 275 2562 eorum
290 2519 346 2581 per
359 2493 548 2560 commercia
558 2497 767 2571 venumdatos,
781 2509 813 2562 et
827 2495 858 2560 iu
875 2495 1058 2580 Romanam,
1074 2499 1106 2566 id
1127 2516 1183 2586 est,
1201 2505 1233 2572 iu

81 2607 234 2674 sinistram
248 2606 348 2688 Rheni
362 2607 473 2691 ripam,
484 2593 569 2683 (dam
580 2606 719 2674 dextram
735 2609 877 2672 tenebant
889 2609 1063 2694 Germani),
1074 2615 1232 2698 adductos,

81 2718 229 2786 indicium
243 2717 318 2784 tanti
331 2720 420 2783 casds
434 2717 604 2784 illustrauit.
713 2776 719 2786 .

124 2829 273 2915 Agricola
285 2841 399 2908 atatem,
419 2843 491 2913 post
504 2827 741 2912 Grampieusem
758 2829 928 2910 victoriam,
943 2832 974 2898 in
988 2835 1127 2920 publicas
1141 2863 1230 2910 curas

81 2941 287 3028 utilitatesque
300 2941 444 3018 intentus,
458 2939 561 3006 audita
580 2939 634 3004 illa
649 2939 829 3025 Usipioruur
849 2943 933 3027 fibla
947 2961 1111 3034 certusque
1124 2975 1179 3018 eoa
1192 2975 1230 3020 et

82 3053 275 3120 Occidentali
290 3052 455 3118 Britanniae
477 3051 609 3136 partein
629 3051 820 3116 Orientalem
836 3055 1087 3138 Septemtriousli
1108 3063 1231 3150 naviga.

80 3166 165 3230 done
174 3164 268 3230 foisse
283 3177 456 3248 persectos,
465 3163 593 3227 classem
608 3162 699 3241 misit,
714 3185 782 3248 quse
796 3163 868 3228 'l'ao
879 3167 1029 3246 aaronis,
1044 3192 1124 3236 nrmc
1136 3173 1230 3242 Firrla

79 3275 121 3364 os
132 3275 208 3364 Toy,
231 3277 383 3369 profecta,
403 3273 506 3338 littora
519 3273 572 3338 illa
591 3275 630 3338 ab
646 3273 775 3338 Oriente
791 3275 821 3338 in
844 3275 1045 3344 Occidentem
1068 3281 1228 3368 relegeret,

78 3402 112 3452 et
131 3385 360 3471 diligentissime
373 3383 557 3470 exploraret,
587 3383 665 3464 Dio,
679 3384 739 3448 loc.
761 3379 813 3456 dit.
857 3387 948 3452 'lunc
963 3389 1097 3473 primlrm
1112 3403 1135 3434 “
1148 3397 1227 3466 hanc

78 3521 165 3564 oram
179 3496 337 3560 novissimi
352 3497 444 3560 maris
467 3496 606 3560 Romana
620 3495 727 3560 classis
740 3496 945 3564 circumvecta
959 3513 1025 3578 est,
1036 3503 1228 3594 insulamque

77 3633 145 3681 esse
159 3607 350 3673 Britanniam
365 3605 533 3671 adfirmavit
543 3605 570 3671 :'’
593 3619 664 3671 tunc
679 3607 831 3686 Orcades,
848 3609 994 3676 hactenus
1009 3613 1092 3680 sama
1108 3621 1226 3688 tanthm

76 3721 218 3804 vulgate,
240 3721 337 3795 fuere,
358 3717 528 3802 eremigato
543 3718 780 3803 Septemtrione‚
794 3720 924 3803 cognitas
940 3735 972 3787 et
984 3723 1129 3794 domita:
1153 3744 1225 3798 tunc

78 3839 100 3872 “
115 3831 252 3915 dispecta
262 3843 308 3894 est
321 3828 435 3906 Thule,
450 3829 500 3899 tho
514 3827 666 3895 Shetlmrd
679 3829 757 3908 isles,
770 3853 847 3914 quas
860 3831 1005 3900 hactenus
1015 3834 1066 3910 nis
1078 3851 1109 3902 et
1120 3839 1225 3924 hyems
1288 3834 1289 3843 ¹

77 3940 240 4020 abdebat,''
263 3940 430 4006 utdictum
449 3953 496 4004 est
516 3962 608 4025 supra
629 3963 698 4024 cap.
716 3949 765 4004 10.
811 3939 896 4010 lliuc
916 3945 987 4008 verb
1001 3944 1150 4034 intelligas
1164 3977 1226 4023 non

76 4055 117 4118 ad
143 4054 223 4118 hanc
243 4051 380 4128 Thulen,
401 4053 454 4115 sed
479 4052 517 4114 ad
538 4051 636 4136 ipsam
660 4051 851 4117 Britanniam
879 4056 1035 4122 referenda
1055 4082 1132 4140 esse,
1155 4087 1225 4150 quaa

75 4167 169 4231 habet
192 4163 319 4244 Statim,
338 4161 477 4232 adulator
495 4163 602 4248 magis,
625 4162 720 4248 quam
739 4177 843 4248 poeta,
864 4165 897 4230 iu
915 4165 1089 4250 Sylvarunr,
1109 4170 1165 4240 lib.
1189 4199 1221 4241 v.

78 4277 265 4362 Protreptic.
276 4278 316 4342 ad
326 4274 516 4362 Crispinum,
531 4273 656 4356 Bolani,
666 4274 833 4383 Britanniae
848 4277 994 4363 praesidis,
1005 4279 1103 4350 filium
1117 4304 1158 4352 rr.
1167 4294 1221 4353 54.
