2859 4950
51 326 186 391 acts.
279 326 390 423 urum
412 324 565 385 uretur
586 324 705 411 surm
726 322 966 389 nuuntruut.
1149 335 1208 401 us
1253 296 1257 303 ⁴

100 491 159 572 67.
186 480 422 556 Gnnnouuu
444 480 585 578 quidem
602 496 731 592 certus,
755 484 816 557 sed
833 482 1015 559 destitutus
1031 483 1210 586 legionum

53 598 191 688 auxilio,
216 596 409 695 Sulpicium
426 596 596 685 Galbam·
617 596 795 670 Citerioris
807 596 982 693 Hispaniae
997 604 1006 633 ¹
1023 620 1209 695 rectorem,

55 714 240 805 nobilitate,
257 714 393 811 opibus,
410 715 514 786 rebus
530 712 567 784 in
584 712 777 785 Germanii
793 730 827 785 et
844 712 967 787 Africt
981 718 1099 815 gestis,
1117 720 1210 815 apud

54 830 205 928 legiones
227 830 440 919 auctoritate,
465 829 585 912 aversi
602 829 623 901 Ξ
638 829 797 927 Principe
826 831 1015 921 voluntate,
1039 834 1082 905 ad
1100 850 1209 927 matu·

56 948 159 1019 tanda
174 971 257 1019 ausa
272 960 344 1017 non·
360 944 547 1022 inhabilem
571 943 737 1035 solicitat;
765 945 966 1043 scriptisque
993 946 1109 1038 literis,
1134 967 1211 1023 orat

57 1079 93 1133 ut
110 1069 135 1105 “
152 1062 307 1135 humano
323 1061 442 1159 geneii
459 1076 663 1134 assertorem
678 1062 874 1159 ducemque
886 1087 923 1133 se
933 1064 1211 1138 accommodet:⁸

58 1179 147 1250 “ad
180 1194 295 1275 partes
323 1176 492 1275 juvandas
525 1193 666 1248 centum
699 1176 806 1247 millia
832 1176 1019 1249 Gallorum
1046 1185 1210 1275 parata3³

58 1299 79 1332 “
102 1294 220 1389 plures
237 1318 325 1366 mox
341 1288 535 1381 adfuturos,
560 1292 699 1366 tantdm
715 1316 760 1363 ne
776 1312 979 1388 aspernetur
993 1294 1212 1392 Principatds

57 1414 79 1448 “
102 1435 213 1507 spem,
248 1434 321 1482 non
338 1408 539 1505 (quaesitam,
576 1408 636 1481 sed
665 1408 855 1480 oblatam.’'
894 1408 1016 1481 'Simul
1045 1411 1213 1509 scriptum

57 1526 126 1598 aliis
142 1525 359 1599 exercituum
375 1525 672 1621 provinciarumve
692 1524 896 1613 rectoribus,
922 1541 960 1597 ut
977 1526 1099 1625 coeptis
1120 1528 1214 1604 fave·

57 1659 144 1733 rent,
165 1644 286 1715 saltem
302 1667 347 1714 ne
364 1641 579 1714 obsisterent.
629 1644 681 1711 At
696 1639 746 1727 hi,
763 1640 799 1710 in
816 1658 1020 1739 praesentem
1037 1640 1214 1720 fortunam

58 1753 187 1847 intenti,
199 1761 296 1830 tanto
312 1755 479 1831 solicitius
492 1756 605 1830 literas
619 1754 755 1831 Neroni
771 1754 908 1845 misere,
919 1774 1048 1852 quanto
1065 1758 1214 1858 avidius,

60 1897 100 1943 eo
115 1873 264 1963 sublato,
289 1873 418 1974 primas
434 1871 527 1945 exitii
540 1888 653 1968 partes
674 1888 708 1943 et
731 1870 873 1969 praemia
892 1870 954 1945 sibi
971 1871 1090 1969 postei
1106 1874 1215 1949 vindi-
1233 1906 1237 1913 ·

60 1992 205 2062 cavere.⁴
255 1990 371 2063 Galba
399 2006 528 2080 autem,
566 1987 781 2061 dissimulans
811 1988 894 2085 quid
924 1988 990 2061 tale
1019 1988 1082 2063 sibi
1111 1990 1216 2081 fuisse

61 2102 238 2202 scriptum,
263 2104 432 2196 restitit;⁵
462 2106 523 2179 sed
546 2102 645 2179 cauti
671 2104 794 2203 magis,
819 2104 926 2201 quim
950 2106 1140 2181 moderati.

110 2346 168 2410 68.
194 2341 262 2413 Ur
297 2338 401 2413 sensit
426 2337 566 2411 Vindex
597 2337 748 2412 Galbam
776 2336 865 2410 velle
897 2308 1039 2434 impelli,
1077 2326 1148 2436 ipse
1180 2340 1249 2413 in.

64 2450 248 2529 Gallorum
263 2473 436 2530 conventu
453 2452 682 2529 defectionem
699 2469 840 2553 coeptat,
858 2471 1019 2553 questus:
1035 2448 1048 2488 ⁶
1074 2454 1218 2534 “Nulla
1244 2475 1262 2536 ,’

67 2573 252 2646 “manere
276 2573 416 2671 Imperii
441 2575 542 2672 jura:
569 2571 685 2645 omnia
713 2571 833 2645 sceleri
859 2587 996 2669 patere:
1024 2597 1087 2674 per
1112 2569 1218 2647 omne

67 2682 87 2720 “
110 2686 206 2761 nefas
236 2689 433 2762 hominibus
465 2686 598 2760 inludi:
637 2686 829 2784 provincias
863 2687 1058 2778 latrociniis,
1093 2689 1218 2762 domos

69 2802 89 2835 “
113 2804 265 2878 caedibus
277 2805 411 2878 vastari.
462 2806 552 2879 Haec
567 2803 738 2902 imperare
747 2805 940 2893 Neronem,
958 2803 1017 2902 qui
1030 2831 1092 2902 per
1106 2799 1220 2880 Casa·

70 2917 89 2952 “
112 2940 181 2992 reae
205 2920 320 3017 stirpis
335 2915 510 2994 excidium
529 2921 572 2992 ad
596 2920 770 3017 publicam
787 2919 922 2992 ruinam
944 2944 980 2992 se
1007 2920 1193 2994 accinxerit
1205 2951 1217 3014 3

69 3033 90 3068 “
112 3055 156 3108 ne
172 3053 320 3110 matrem
335 3037 477 3135 quidem
492 3036 670 3117 reveritus.
722 3039 840 3128 Atrox
865 3033 1017 3130 facinus!
1043 3037 1079 3107 ni
1105 3054 1219 3114 morte

70 3149 92 3184 “
113 3147 232 3226 sitisset
256 3151 374 3251 digna,
399 3177 479 3251 quau
500 3151 605 3224 talem
620 3166 753 3248 pestem
777 3145 946 3230 edidisset.
997 3151 1101 3224 Illum
1124 3169 1221 3228 tanto

71 3263 92 3299 “
113 3263 355 3341 inclementius
370 3291 464 3341 nunc
477 3265 636 3358 ferocire,
661 3268 759 3366 qudd
776 3291 866 3341 unus
883 3266 903 3340 ὲ
918 3269 1098 3340 Caesarum
1114 3269 1223 3346 domo
1262 3311 1263 3316 =

72 3382 93 3416 “
115 3399 299 3479 superstes,
321 3407 387 3456 nec
405 3382 586 3472 aemulum,
610 3408 674 3457 nec
687 3384 838 3456 ultorem
853 3381 980 3457 timeat.
1032 3385 1102 3458 Sed
1114 3385 1222 3459 nemi-

73 3497 93 3534 “
115 3517 197 3571 nem
230 3498 291 3571 diu
324 3498 450 3572 vixisse
490 3497 651 3579 omnibus
690 3496 875 3580 infensum.
926 3499 1004 3574 Ja'm
1040 3498 1222 3576 Orientem

112 3791 292 3858 'Citerioris
325 3798 483 3877 Hispania.
521 3799 617 3859 Tacit.
710 3797 943 3860 ⁴Viudt'cuueru.
986 3799 1135 3860 Plutarch.
1164 3801 1221 3862 loc.

77 3868 148 3932 Hist.
157 3895 180 3934 r.
192 3885 242 3948 49.
258 3879 376 3938 Sueton.
387 3880 417 3937 in
425 3878 534 3952 Galbd,
542 3899 617 3953 virt.
671 3882 722 3942 cit.

75 3948 193 4014 Citerior
215 3961 367 4040 Hispania,
387 3979 455 4038 quae
471 3972 500 4020 et
513 3961 617 4019 Tarra·
713 3959 878 4020 ‘Restitit
919 3960 1021 4036 Neque
1041 3959 1137 4018 statim
1152 3959 1223 4018 Vin·
1321 3952 1326 3962 ’

77 4039 208 4112 cunensis,
228 4041 618 4120 dequdsupraAnnal.1v.
672 4043 732 4102 dici
746 4043 891 4112 credulus,
910 4059 1001 4118 neque
1017 4042 1125 4100 Neroni
1138 4039 1222 4099 fidus.
1264 4037 1297 4058 ''

77 4112 122 4191 45·
229 4169 238 4188 ,
412 4185 416 4196 ,
676 4123 826 4182 Plutarch.
839 4123 911 4180 ibid.

116 4187 405 4265 ‘Seuecouuoden
445 4202 621 4267 Suetonio
716 4195 884 4269 ‘Questus
917 4201 1003 4264 Hanc
1018 4203 1149 4263 Vindicis
1162 4222 1225 4260 ora·

80 4267 181 4348 Garbe,
202 4299 249 4341 rx.
409 4315 413 4323 .
675 4283 782 4344 tionem
803 4284 889 4349 habet
910 4283 980 4358 Dio,
1002 4301 1101 4346 artur.
1122 4304 1150 4364 p.
1165 4291 1224 4352 724

116 4347 263 4421 'Centum
274 4363 363 4430 inillis
376 4362 527 4424 Gallorum
535 4383 624 4442 puru-
676 4376 705 4423 et
719 4369 789 4430 725.

81 4434 119 4495 lt.
160 4439 307 4510 Plutarch.
319 4443 350 4505 in
362 4444 471 4522 Galba,
488 4465 519 4526 p.
535 4449 623 4506 1054.
