2859 4950
245 217 306 281 too
653 238 993 311 SUPPLEMENTUM
1184 266 1220 325 A.
1235 266 1303 327 U.C·
1315 276 1366 341 ill.

246 376 450 457 bbertorum
474 382 665 467 honorbus
692 393 831 477 foedata
882 408 935 481 At
950 406 1078 504 Posidi,
1096 416 1275 510 errttucbo,¹
1295 421 1364 501 inter

288 610 299 640 ¹
320 614 430 690 Poridi,
446 620 577 679 manebo.
611 626 711 686 Aurel.
727 630 796 691 Vic·
852 636 1021 701 edidicimus
1038 645 1174 724 originem
1193 654 1368 729 eunuchorum,

245 700 301 764 tor,
321 694 350 753 in
365 696 506 773 Epitome,
522 701 647 764 Potidio.
688 714 730 767 At
742 713 797 769 Po·
853 729 887 776 ut
900 720 957 779 tale
968 721 1088 783 decebat
1102 728 1280 792 humanitatis
1292 756 1370 816 pmpu·

245 774 325 831 siden
347 794 415 833 eum
439 780 566 858 appellet
590 786 743 850 Suetonius
766 794 796 851 in
851 799 941 870 diurn,
975 802 1059 863 fuisse
1092 808 1245 871 infamiam.
1277 817 1369 895 Nempe,

244 854 351 915 Claud.
365 875 488 920 xxvnr.
528 862 706 929 Libertorum
722 894 796 949 proe·
852 882 902 937 ubi
911 882 1035 959 primum
1049 888 1171 950 conditae
1181 894 1368 957 suutbominun

243 934 323 1011 cipue
350 941 474 1015 suspexit
495 940 617 1003 Posidea
632 952 796 1026 tpodunem,
850 961 1010 1035 societates,
1030 986 1148 1048 erupere
1162 974 1238 1046 vitia,
1256 996 1287 1035 ac
1307 982 1369 1039 noll

243 1033 322 1089 quern
347 1019 431 1076 etium
458 1022 626 1085 Britannico
656 1032 794 1111 triumplu
852 1042 1059 1119 pbstcrimiua.
1102 1052 1168 1110 Non
1182 1056 1272 1114 statim
1282 1072 1370 1119 neuton

241 1094 317 1155 later
330 1098 466 1159 militares
478 1105 554 1163 uiros
566 1106 648 1169 tuest
661 1112 737 1187 parti
748 1117 798 1175 do·
852 1122 887 1179 ad
921 1126 1074 1203 supplicia.
1118 1134 1232 1195 Placuit
1263 1140 1369 1215 pudorem

241 1178 331 1236 auoit.
363 1180 453 1240 Hunc
466 1196 546 1243 notat
558 1185 714 1263 luvenalis,
728 1215 794 1256 xiv.
851 1222 1048 1284 expenn,quo
1056 1216 1181 1273 coerceri
1192 1231 1282 1294 posset
1288 1236 1370 1278 rcotun

238 1262 290 1325 91.
850 1284 1027 1361 improbitas.
1069 1294 1372 1375 lnditasuntergbui·

851 1365 961 1423 minum
974 1370 1027 1427 reis
1039 1375 1173 1447 quasdam
1185 1380 1272 1457 signa,
1287 1382 1369 1457 etjusi

849 1460 915 1503 sunt
930 1462 1016 1507 vestes
1029 1455 1113 1513 certis
1124 1456 1270 1519 coloribus
1284 1460 1370 1521 distinc-

849 1533 891 1583 tus
905 1528 1030 1602 induere,
1051 1544 1112 1592 tum
1127 1550 1162 1596 ut
1174 1539 1371 1618 dignoscerentur

848 1614 876 1661 et
891 1608 928 1664 ab
942 1608 975 1666 iis
997 1628 1215 1693 praecaveretur,
1236 1632 1294 1680 tum
1305 1636 1332 1681 ut
1343 1624 1371 1701 ip

848 1704 892 1745 sos
904 1689 947 1745 sui
961 1693 1081 1768 puderet
1089 1707 1118 1755 et
1126 1698 1157 1757 in
1169 1702 1270 1761 melius
1278 1714 1372 1762 veteren

850 1776 906 1829 tur.
949 1771 1074 1834 Duravit
1105 1796 1174 1839 usus
1199 1783 1269 1842 dum
1291 1784 1372 1842 luitet

847 1851 1007 1911 securitatis
1021 1865 1050 1912 et
1062 1860 1236 1935 punitentia
1248 1884 1314 1943 spes.
1345 1868 1372 1921 At

848 1928 916 1987 crim
936 1932 1131 2010 improborum
1152 1940 1300 2003 hominum
1312 1960 1372 2003 natu·

847 2028 888 2079 ra,
918 2012 1088 2089 aliquandiu
1123 2024 1237 2097 pudore
1266 2026 1372 2093 coercita,

846 2088 960 2151 levitate
972 2114 1061 2171 poenae
1074 2100 1243 2163 insolescere
1262 2108 1372 2185 caepisset,

845 2175 1009 2251 excogitata
1027 2181 1184 2259 supplicia.
1227 2187 1299 2257 Quae
1313 2187 1373 2259 inter,

844 2268 980 2330 quartum
995 2265 1196 2325 memoratur&
1205 2268 1373 2327 vetustissimis

843 2334 1028 2412 scriptoribus
1054 2340 1230 2419 Sinensibus,
1259 2348 1371 2405 virilitatis

843 2415 977 2477 ademtio.
1020 2422 1120 2500 anue
1135 2438 1199 2486 emt
1220 2448 1310 2510 puna,
1325 2448 1372 2506 qua

844 2497 1006 2572 calumniae,
1026 2502 1229 2582 impudicitia,
1242 2511 1371 2591 proditioni

844 2577 1033 2656 infligebatur.

885 2659 925 2718 Ut
937 2663 1083 2740 originem,
1093 2666 1135 2727 itu
1145 2690 1263 2750 quoque
1272 2675 1372 2753 primum

842 2743 1041 2802 eunuchorum
1055 2757 1163 2809 statum
1177 2773 1228 2812 nos
1238 2755 1333 2814 docent
1343 2755 1373 2812 Si·

843 2823 941 2880 ncnsia
973 2842 1167 2890 monumenta.
1211 2835 1297 2894 Haud
1323 2835 1372 2894 satis

842 2899 934 2959 visum
965 2909 1112 2968 eunuchos
1147 2914 1283 2976 virilitate
1312 2916 1372 2982 exul·

843 2983 951 3041 conditi
970 2999 1037 3045 sunt
1050 2989 1079 3047 in
1092 2991 1275 3056 interioribus
1294 2997 1372 3076 palatii

842 3059 1046 3138 imperatorum
1080 3071 1243 3134 Sinensium
1266 3080 1373 3156 partibus

840 3141 962 3221 aliisque
984 3166 1084 3209 eorum
1108 3154 1254 3230 domibus,
1273 3169 1304 3217 ut
1321 3157 1372 3216 vilia

839 3228 869 3279 et
889 3224 1018 3286 difficilia
1030 3251 1154 3310 quaeque
1165 3239 1317 3299 ministeria
1327 3240 1372 3297 obi·

839 3314 918 3374 rent;
938 3317 976 3376 et,
997 3309 1065 3370 crim
1079 3313 1197 3377 infames
1211 3329 1305 3393 essent,
1323 3337 1372 3397 pro·

839 3383 899 3442 dire
932 3388 962 3445 iu
993 3390 1171 3469 imperatoris
1206 3411 1368 3479 conspectum

838 3465 1080 3542 prohibebantur:
1100 3477 1225 3558 ideoque
1247 3483 1280 3540 iis
1299 3479 1370 3540 mari-

838 3544 884 3604 md
902 3550 1010 3608 credita
1022 3554 1117 3615 officia
1128 3561 1209 3636 apud
1229 3582 1337 3621 uxoum
1348 3571 1368 3618 tt

836 3632 1013 3690 concubinas
1025 3631 1213 3714 imperatoris.

877 3707 945 3769 Illas
958 3712 1081 3775 infamia·
1094 3726 1238 3798 angustias
1249 3724 1319 3802 apud
1330 3721 1367 3782 AE·

834 3789 947 3866 gyptius
964 3795 1024 3854 citd
1045 3803 1144 3875 egressi
1165 3815 1234 3866 sunt
1251 3804 1365 3892 eunuchi·

836 3869 905 3927 crim
919 3873 1104 3953 Putipharem
1124 3883 1268 3945 exercitlls
1281 3886 1366 3964 prinn-

834 3965 898 4024 pem
920 3953 983 4029 jatn
1009 3977 1096 4038 supra
1126 3968 1364 4054 memoravenmus·

480 4083 485 4094 Ι
767 4096 773 4107 Ι
829 4033 871 4088 At
892 4033 922 4090 in
937 4035 1045 4098 Sinensi
1068 4043 1196 4122 imperio,
1220 4047 1268 4104 ubi
1290 4046 1363 4124 plun-

243 4075 303 4160 ,Αἵ
323 4093 422 4134 ⁸⁰m¹¹¹
445 4100 523 4160 ⁰⁰8⁰
546 4105 596 4145 ¹¹⁰⁸
615 4088 725 4164 lateret,
746 4113 775 4154 ¹¹¹
828 4111 908 4170 rntlrn
942 4135 1053 4197 semper
1082 4125 1174 4186 valuit
1203 4125 1361 4203 antiquitatis

221 4147 552 4222 Smensiumonumenta
569 4167 664 4228 lucem
677 4172 775 4235 inhac
828 4199 992 4265 reverentia,
1059 4224 1074 4262 r
1099 4208 1191 4268 multa
1214 4208 1303 4268 secula
1320 4205 1359 4262 du·

219 4231 395 4295 Obfieul'ltate
406 4245 606 4316 praetulbbsellle
646 4253 773 4316 llstlllm
827 4275 901 4334 ravit
929 4297 1025 4342 eunuc
1046 4305 1129 4347 orum
1160 4289 1281 4369 squalor·
1317 4285 1358 4345 pel

242 1412 272 1454 Ut
278 1414 350 1465 epodo
358 1416 460 1461 οἰκῶσι
469 1420 585 1475 capitatia
593 1430 671 1469 notra
681 1430 778 1472 Posides.

238 1569 315 1629 Vide
337 1582 367 1632 et
387 1574 526 1650 Plinium,
554 1600 658 1655 ωε.
683 1593 713 1646 2.
738 1591 788 1648 ubi

237 1669 327 1729 aquas
341 1652 506 1715 Posidianas
517 1680 667 1725 memorat.
694 1670 789 1729 Gran·

238 1730 283 1802 de,
302 1732 374 1794 licet
384 1737 519 1813 ignobile,
539 1741 569 1799 in
582 1748 724 1809 veteribus
735 1752 791 1811 his·

237 1813 318 1871 toriis
345 1819 546 1879 eunuchorum
572 1844 685 1889 nomen.
727 1832 788 1891 Diu

235 1894 405 1973 pervulgata
425 1919 475 1977 per
487 1900 615 1965 Orientis
635 1929 721 1987 regna
741 1934 788 1971 co-

234 1991 300 2040 rum
319 1978 487 2051 auctoritas,
507 1981 537 2039 in
550 1983 670 2065 imperio
684 1992 789 2053 Rorna-

233 2070 272 2111 no
285 2057 399 2116 tandem
413 2060 544 2134 invaluit,
557 2066 626 2127 crim
641 2071 787 2152 Principes

232 2134 371 2211 quaelibet
395 2158 494 2217 regum
514 2143 598 2206 libita
618 2154 787 2217 aemularen·

233 2228 290 2288 tur‚
303 2228 342 2290 et,
354 2234 463 2297 quanto
477 2226 565 2303 magis
578 2229 785 2312 insolescerent,

233 2302 314 2353 tanto
324 2298 391 2376 plus
403 2302 603 2367 dominationis
622 2315 740 2393 adeptos
756 2340 785 2379 se

231 2394 289 2435 esse
309 2378 509 2455 gloriarentur.
550 2389 590 2448 Ut
601 2392 676 2455 illud
696 2396 787 2459 torru-

230 2475 275 2515 nae
286 2475 450 2536 portentum
462 2485 661 2549 cognoscatur,
679 2498 785 2558 expen-

231 2538 298 2596 dam
313 2543 429 2618 quandd
443 2548 473 2604 in
486 2551 554 2607 orbe
566 2560 683 2634 coepcrit
693 2581 785 2622 eunu-

229 2618 352 2684 chorum
372 2627 511 2700 conditio,
530 2634 606 2693 unde
626 2649 698 2712 orta,
719 2647 784 2720 quis

229 2700 324 2777 primo
348 2703 436 2764 luerit
458 2727 559 2771 eorum
584 2727 686 2793 status,
718 2744 782 2800 quae

229 2779 331 2840 deinde
357 2781 480 2861 fortuna,
508 2794 562 2869 qui
587 2815 688 2872 mores,
718 2823 783 2880 quae

228 2861 309 2918 vatia
320 2863 437 2929 demum
450 2869 520 2929 fata.

267 2942 505 3022 Antiquissimum
517 2959 798 3032 esseeunuchorum,

227 3023 419 3084 conditionem
431 3031 538 3091 evincit
550 3033 640 3096 Sacra
652 3041 782 3120 Scriptu-

227 3120 269 3175 ra,
281 3124 347 3182 quae
361 3106 557 3188 Putipharem,
572 3118 780 3186 validissimum

225 3180 258 3240 in
279 3184 349 3243 aulb
372 3188 538 3268 Pharaonis,
557 3197 675 3278 AEgypti
699 3207 781 3282 regis,

225 3267 404 3340 eunuchum,
416 3284 446 3330 et
456 3274 615 3354 principem
626 3285 781 3359 exercitds,

225 3351 353 3423 tempore
374 3352 492 3432 loseph,
518 3357 571 3416 filii
590 3359 693 3435 Jacob,
723 3387 781 3426 me·

224 3439 327 3488 morat.
353 3429 458 3494 Genea.
482 3456 592 3500 mix.
620 3453 646 3502 l.
686 3447 781 3507 Tanta

223 3509 352 3567 eunuchi
364 3511 479 3574 fortuna
491 3521 593 3595 probat
605 3525 642 3580 ad
656 3528 781 3606 antiqui·

223 3604 275 3670 ora
296 3597 425 3667 tempora
447 3599 587 3673 pertinere
609 3625 708 3666 eorum
728 3630 779 3670 no·

222 3683 299 3726 men.
338 3671 537 3752 suffragantur
549 3703 666 3763 quoque
684 3700 778 3751 vetus·

223 3747 332 3806 tissima
342 3751 456 3831 imperii
471 3758 593 3820 Sinensis
610 3786 777 3830 monumen-

223 3833 262 3898 ta,
283 3849 348 3905 quae
370 3833 432 3910 ipsti
451 3848 534 3898 aetatc
547 3845 618 3919 regis
631 3849 703 3922 Yoo,
723 3856 775 3930 qui

222 3907 316 3965 vivere
328 3911 412 3973 desiit
431 3938 506 3980 anno
524 3929 614 3985 2258.
627 3933 665 3990 A.
675 3933 711 3992 C.
725 3953 775 3994 eu-

222 3990 333 4047 nuchos
347 4013 580 4062 commemorant.
