2859 4950
313 300 374 365 AD
396 300 535 363 VITAM
554 301 621 363 CN.
640 298 726 363 JUL.
746 300 980 365 AGRICOLAE.
1168 300 1230 367 61³

92 450 145 521 Ut
162 450 362 521 Domitiano
376 456 472 521 noris
486 467 565 522 erut.
601 454 652 522 Ita
665 454 744 523 MS.
759 454 861 524 Vatia.
876 464 971 532 8449
986 466 1018 521 et
1030 453 1101 521 libri
1115 478 1222 522 omnes

37 566 130 633 editi.
182 566 229 632 In
260 566 336 632 MS.
358 566 461 633 Vatic.
485 576 582 641 4498.
604 578 641 633 ut
666 582 735 634 erut
761 566 974 637 Domitianus.
1019 568 1072 633 sic
1098 590 1223 657 quoque

36 689 241 743 annotatum
256 677 288 742 iu
303 677 440 763 margine
458 678 535 743 MS.
550 678 655 743 Vatia.
669 687 767 754 ³429.
848 658 852 665 .

89 787 255 875 Excepit.
279 787 357 855 MS.
373 788 475 855 Vatis.
490 796 587 863 3429.
608 790 731 876 ncipit.

85 898 142 966 At
158 922 262 967 nunc.
307 899 394 965 Beni
409 897 588 964 Rhenanus.
631 897 670 965 In
693 900 846 966 veteribus
859 899 1053 976 editionibus,
1075 922 1112 965 aa
1126 922 1218 969 nurse.

88 1010 157 1077 Tot
170 1010 328 1077 millibus.
374 1009 422 1075 Ita
436 1010 531 1077 editio
545 1011 688 1097 priuoeps
701 1025 733 1077 et
744 1012 939 1079 recentiores.
983 1010 1074 1079 Male
1091 998 1220 1099 beroal-
1247 1010 1251 1022 ’

38 1124 117 1205 dus,
143 1134 195 1190 tot
212 1122 376 1189 militibus.
1101 1175 1105 1181 .

90 1236 199 1301 Altus
229 1244 401 1320 occuparet.
446 1232 573 1299 Frustra
599 1216 696 1300 tentat
721 1232 858 1319 Lipsius,
894 1233 990 1300 nitide
1017 1233 1065 1299 rel
1102 1232 1221 1307 asstitit

41 1356 237 1433 oeessparet.
281 1343 439 1412 Piebenus
451 1345 524 1409 huie
538 1345 743 1411 emendationi
758 1346 951 1439 suffragatur.

93 1454 429 1544 Utcumquefaeiiids.
476 1454 615 1521 Facilius
637 1456 785 1536 omissum
799 1456 893 1521 vellet
908 1456 1067 1521 Emestus.
1134 1464 1138 1523 ζ

90 1568 219 1637 Etiam
234 1578 311 1633 turn.
355 1567 472 1634 Mallet
486 1567 649 1647 Emensus,
670 1568 848 1633 etiamnum.

92 1804 195 1872 Cur.
211 1811 267 1871 40.
290 1800 440 1890 Addiqne
456 1800 589 1887 insuper.
634 1798 724 1865 Bene
749 1798 906 1880 Muretus,
929 1799 1085 1887 additque.
1130 1795 1216 1864 Reti·

44 1916 116 1982 neri
131 1928 244 1982 tamen
255 1924 358 1999 potest
371 1912 494 1999 vulgata
507 1912 666 1998 scriptura.
700 1909 762 1976 Vix
778 1925 825 1977 est
838 1910 977 1992 dubium,
1000 1909 1074 1997 quin
1087 1908 1216 1976 Tacitus

49 2026 96 2094 sc
122 2025 297 2113 scripserit.
342 2023 423 2088 viae
448 2023 545 2090 susc.
563 2024 645 2089 ons.
667 2004 722 2087 tx.
745 2032 820 2095 sio.

66 2175 71 2184 =
95 2136 303 2223 Proeceptum
318 2146 396 2201 erut.
440 2133 489 2198 lta
503 2148 620 2200 veteres
634 2147 666 2199 et
680 2134 863 2198 recentiores
877 2132 1033 2198 editiones.
1055 2130 1095 2198 In
1108 2130 1221 2199 mediis

49 2248 249 2340 quibusdaru
263 2247 423 2328 omissum,
445 2255 524 2311 erut.
1213 2242 1216 2250 ’

95 2483 195 2554 ΟΑΡ.
212 2493 266 2550 41.
290 2479 528 2570 Pannoniique.
572 2477 611 2544 Iu
639 2477 717 2546 MS.
731 2477 833 2544 Vatic.
859 2484 956 2553 3429.
981 2490 1009 2544 et
1036 2475 1217 2544 Pannonici.

54 2594 180 2660 Durius
189 2594 295 2696 perte,
315 2616 374 2658 nec
395 2616 434 2658 er
447 2591 553 2658 Taciti
567 2613 665 2671 more,
688 2591 723 2655 in
737 2587 862 2672 Musici,
885 2585 1060 2677 Ducidque,
1083 2600 1111 2654 et
1136 2587 1218 2654 Ger·

52 2704 166 2771 inaniri
182 2702 424 2792 Pannoniique.

99 2817 163 2883 Tot
187 2815 344 2881 militares
366 2814 438 2907 viri.
483 2811 573 2903 Mali
607 2825 705 2878 tentat
737 2811 872 2898 Lipsius,
902 2811 1051 2878 militares
1074 2811 1215 2878 numeri:

54 2927 257 3007 Gronovius,
280 2927 351 2991 vici.
395 2923 538 2990 Corbulo
563 2925 614 2989 vir
638 2923 785 2988 militaris
808 2924 906 2988 dictus
932 2937 977 2988 est
996 2947 1089 3009 supra
1103 2923 1216 2990 Annal.

55 3059 118 3104 xv.
143 3038 203 3104 26.

102 3149 188 3214 Cum
203 3145 319 3212 inertii
333 3145 551 3235 etfossnidine.
595 3142 646 3209 Ita
671 3145 774 3212 MSS.
789 3145 890 3212 Vatis.
936 3147 998 3211 Sed
1024 3146 1054 3210 in
1078 3145 1216 3230 margine

55 3261 138 3329 MS.
164 3259 270 3326 vatic.
299 3268 397 3334 3429.
426 3271 578 3340 notatum,
599 3256 692 3322 'nlius
714 3258 819 3339 habet,
841 3257 960 3324 inertie
985 3267 1015 3322 et
1030 3253 1214 3344 formidini.

56 3373 145 3438 Mox
161 3395 222 3459 pro
246 3394 350 3438 eorum
372 3369 504 3436 Grotius
519 3370 701 3445 emendabat
724 3379 913 3434 ceterorum:
937 3391 997 3433 non
1020 3368 1062 3433 ita
1084 3366 1216 3433 feliciter

57 3485 227 3563 Ernestus,
249 3505 401 3548 carorum.

103 3711 199 3778 Cur.
214 3720 267 3776 42.
290 3709 428 3815 Asieoet
444 3710 574 3800 Africis.
620 3709 734 3776 Mallet
750 3707 884 3796 Lipsius,
908 3707 991 3774 Asia
1014 3691 1215 3816 uut’Afsice.

57 3821 230 3908 vulgatum
251 3821 436 3906 scripturam
458 3822 593 3888 defendit
616 3821 802 3887 Mercerus:
845 3843 901 3885 nec
935 3819 1100 3897 immeriti,
1143 3841 1214 3884 narn

58 3933 172 3998 Asiam
187 3946 219 3997 et
231 3933 372 3998 Africam
388 3933 499 4013 sortiri,
522 3935 574 4014 uiti
596 3933 676 3998 idem
702 3955 779 4014 esse,
801 3957 837 3998 nc
863 3945 943 3998 sorte
968 3933 1090 4012 ducere,
1113 3935 1214 3996 utinm
1344 3986 1349 3999 .

60 4044 131 4130 quis
146 4057 241 4129 regat
283 4042 365 4108 Vide
381 4043 477 4108 Misc.
489 4045 573 4110 Obs.
589 4067 642 4109 rx.
665 4053 757 4117 371.·

108 4152 261 4242 Nonjnm
275 4153 405 4220 obscuri.
451 4154 501 4220 Ita
514 4153 678 4221 Rhenanus
690 4171 724 4221 et
736 4155 928 4222 recentiores.
972 4148 1015 4221 lrr
1023 4127 1215 4236 Msssvinc.
1324 4245 1328 4252 1

64 4271 162 4339 3449.
184 4277 215 4333 et
225 4265 412 4334 editionibus
425 4266 590 4357 veteribus,
611 4289 674 4334 non
688 4279 752 4334 tum
767 4266 897 4336 obscuri.
1139 4269 1145 4282 ’
