2859 4950
295 316 507 379 DIALOGUS
528 314 585 375 DE
605 314 882 381 ORATORIBUS.
1120 318 1178 391 169

49 470 228 553 incolonias
242 498 281 551 nc
296 460 488 571 provincias
503 496 579 547 suas
601 470 781 563 scribunt‚¹
807 472 926 549 sivein
941 470 1035 561 suis²
1057 474 1180 576 aliquis
1196 513 1202 521 ’

48 590 151 691 arguti
166 607 199 665 et
210 590 304 665 brevi
319 588 485 665 sententia
501 588 640 679 effulsit,
656 589 727 663 sive
743 590 841 665 locus
858 591 1028 689 exquisito
1044 608 1079 666 et
1097 618 1180 690 poe-

49 706 103 781 tico
117 705 209 781 cultu
220 705 350 781 enituit.
399 704 561 805 Erigitur
577 705 669 777 enim
682 708 755 805 jam
770 709 814 779 ab
830 724 967 779 oratore
978 707 1080 780 etiam
1096 734 1178 805 poe·

48 822 117 896 tiuu
131 824 246 913 decor,
267 846 338 897 non
354 822 454 897 Accii
469 839 528 895 aut
545 822 707 925 Pacuvii³
724 839 866 895 veterno
882 822 1091 921 inquinatus,
1114 823 1178 897 sed

47 962 83 1011 ex
96 937 236 1027 Horatii,
250 930 447 1036 etvirgilii,
460 954 494 1009 et
511 937 642 1009 Lucani
658 938 831 1011 sacrario⁴
846 938 1009 1035 prolatus.
1037 940 1178 1012 Horum

48 1049 133 1149 igitur
155 1053 293 1129 auidius
309 1070 343 1127 et
356 1052 491 1152 judiciis
516 1053 757 1149 obtemperans
778 1070 977 1127 nostrorum
998 1071 1177 1127 oratorum
1257 1123 1259 1130 .

47 1184 125 1257 aetas,
147 1166 323 1266 pulchrior
339 1186 373 1243 et
395 1166 547 1241 ornatior
563 1167 683 1239 extitit.
734 1169 862 1265 Neque
876 1169 957 1242 ideo
973 1168 1091 1241 mimis
1107 1168 1178 1243 effi-

47 1306 126 1356 caces
140 1299 219 1358 sunt
234 1284 404 1357 orationes
419 1300 560 1373 nostrae,
585 1284 665 1381 quia
681 1285 725 1357 ad
741 1309 842 1358 aures
853 1282 1080 1383 judicantium
1095 1309 1177 1358 curn

46 1398 197 1495 voluptate
237 1398 451 1496 perveniunt.
504 1396 600 1493 Quid
637 1400 730 1473 enim
762 1400 790 1472 si
826 1400 1015 1473 infirmiora
1048 1401 1177 1474 horum

46 1528 221 1609 temporum
237 1514 366 1611 templa
381 1514 513 1604 credas,
533 1514 614 1613 quia
629 1540 701 1588 non
718 1515 796 1589 rudi
812 1532 994 1605 caemenm,
1020 1534 1054 1589 et
1070 1514 1176 1589 infor·

45 1626 138 1701 rubus
163 1630 290 1728 tegulis
315 1646 553 1721 exsnuuntur,
595 1632 656 1705 sed
685 1656 857 1706 marmore
888 1631 997 1704 nitent
1024 1648 1060 1706 et
1090 1656 1179 1705 auro

48 1742 201 1821 odadun
210 1744 237 1821 3⁵

79 1984 131 2049 21.
155 1977 344 2064 Eomnsu
362 1975 495 2075 fatebor
510 1977 608 2054 vobis
623 1977 834 2077 simpliciter,
845 2004 902 2054 me
917 1979 953 2055 iu
969 1966 1182 2079 quibusdam

43 2088 241 2187 antiquorum
263 2093 323 2167 vix
345 2094 466 2186 risum,
490 2096 527 2169 in
556 2097 763 2193 quibusdam
789 2113 906 2169 autem
928 2096 987 2169 vix
1012 2120 1178 2171 somnum

44 2217 150 2298 tenere,
173 2233 239 2283 nec
267 2234 376 2304 uuum
394 2210 438 2309 de
455 2212 585 2309 populo
613 2206 764 2285 Canuti⁶
777 2230 838 2285 aut
859 2212 969 2287 Aride
985 2214 1115 2286 Furnio
1140 2229 1177 2285 et

43 2316 187 2416 Toranio,
212 2324 347 2442 quiquo
371 2324 455 2399 alios
471 2326 507 2401 in
523 2328 648 2401 eodem
675 2328 922 2403 valetudinario
944 2330 1019 2402 haec
1043 2352 1120 2401 ossa
1141 2343 1177 2401 et

74 2575 236 2643 'Scribunt.
278 2585 324 2642 Ad
339 2583 488 2664 populares
500 2603 574 2642 suos.
658 2579 672 2612 ⁶
693 2586 758 2645 Nec
781 2607 863 2645 unum
883 2589 919 2646 dc
938 2587 1041 2663 populo
1061 2584 1174 2643 Canuti.

73 2654 283 2724 'Siueinsuin
325 2661 384 2722 Hic
403 2665 513 2742 aliquid
527 2686 577 2722 ex·
624 2665 719 2725 Locus
744 2669 860 2726 omnino
885 2680 1048 2744 corruptus,
1079 2685 1176 2742 quum,
1286 2706 1297 2722 .

44 2736 107 2798 cidit.
145 2744 259 2822 Lipsius
286 2754 375 2802 tentat
400 2747 429 2802 in
453 2745 575 2803 sensibus
624 2749 692 2804 dum
708 2748 772 2825 quis
785 2748 903 2806 meliora
914 2748 1043 2816 suadeat,
1056 2746 1097 2804 ita
1108 2765 1177 2824 sup·

44 2819 102 2878 uis:
124 2823 228 2883 Melius
243 2826 385 2896 Muretus,
403 2825 462 2884 siue
481 2845 575 2884 serenus
623 2829 759 2906 piendum
773 2839 854 2906 puto,
865 2848 1005 2888 munuum
1018 2829 1051 2885 dc
1063 2827 1175 2903 popvlo,

44 2898 135 3024 diqnip.
173 2905 252 2963 Vide
275 2915 334 2963 not.
356 2919 385 2964 et
406 2906 514 2964 emend.
537 2905 573 2964 ud
621 2909 670 2966 sed
693 2910 826 2968 rusticum
848 2909 948 2980 uideo,
973 2909 1023 3046 pai
1045 2906 1177 2980 Canutio,

44 2994 70 3033 cn
754 2989 759 3001 ’
1056 2988 1062 2998 ’

71 2991 177 3124 1³'Adicit'
194 3073 246 3125 out
269 3065 396 3126 Pacuuii.
436 3065 573 3124 Veterum
621 2989 968 3146 ‘iiiriixiaeoqdigiiataiio'i
981 3007 1112 3128 nizizi:
1124 2996 1176 3125 iiii

45 3148 179 3218 portarurn,
208 3164 335 3224 quorum
358 3145 454 3204 udhuc
476 3155 575 3204 extant
604 3149 802 3221 luminario,
822 3151 878 3208 doec
890 3169 962 3220 ossa,
981 3157 1009 3208 et
1028 3149 1098 3208 donc
1119 3167 1177 3205 mo-

46 3215 185 3294 smgmenta.
220 3225 430 3300 Quintilianus,
443 3225 574 3285 institut.
624 3230 699 3300 cion,
710 3231 840 3306 produnt.
864 3230 940 3287 Vide
952 3242 1012 3288 not.
1023 3242 1053 3288 ot
1064 3228 1176 3287 emend.

47 3295 109 3358 Orod.
129 3323 160 3363 x.
181 3316 206 3366 l.
251 3306 404 3384 Tragoedia
424 3307 575 3382 scriptores
625 3310 661 3367 ad
687 3330 751 3387 cup.
774 3316 825 3368 21.
865 3309 955 3368 Porrd
976 3310 1012 3369 C.
1025 3309 1176 3371 ¹Canutius

46 3378 130 3440 Accio
149 3396 232 3465 utque
255 3387 403 3458 Pacuuius,
427 3387 575 3446 clarissimi
624 3401 797 3450 mensuratur
817 3391 835 3448 ὲ
859 3391 1005 3459 Suetonio,
1034 3389 1069 3446 de
1092 3388 1178 3448 claris
1206 3429 1210 3445 .

45 3461 165 3531 gravitate
188 3468 398 3539 sententiarum,
430 3468 574 3526 uerborum
628 3472 808 3542 Rhetoribus,
829 3489 893 3546 cup.
909 3475 939 3529 4.
979 3469 1019 3540 Q.
1035 3469 1179 3530 Arriusd

45 3541 151 3616 pondere,
163 3556 190 3604 et
203 3546 375 3606 auctoritate
383 3565 575 3625 personarum.
625 3553 772 3622 Cicerone,
799 3535 834 3608 de
860 3550 945 3609 claris
972 3551 1088 3611 Orator.
1110 3571 1181 3629 cup,

76 3615 132 3681 *Et
145 3625 252 3688 Iunoni
263 3627 398 3686 sacrario.
441 3627 576 3686 indoiro·
624 3627 674 3702 69.
716 3634 751 3692 C.
765 3631 889 3688 Fumius
907 3631 979 3690 iortd
999 3631 1048 3692 ille
1063 3634 1124 3711 ipso
1138 3634 1177 3692 od

48 3705 210 3772 quonsillae
227 3707 390 3766 Horatiana}
404 3707 575 3784 etVirgilia·
626 3731 711 3789 quom
737 3712 851 3790 scripsit
873 3711 996 3785 Tullius,
1024 3713 1116 3790 Epist.
1138 3714 1177 3772 ad

49 3781 258 3865 nsinitauonos,
278 3789 390 3865 quasin
404 3787 483 3846 libris
494 3807 577 3864 supo-
628 3793 800 3863 Familiares,
814 3812 847 3850 x.
861 3797 898 3851 25
914 3804 942 3851 et
955 3791 1010 3855 26·
1037 3793 1178 3852 Toranius

49 3861 147 3950 nuribus
158 3868 364 3929 adnotavimus.
406 3869 516 3928 Lucani
530 3889 575 3926 vo·
626 3874 709 3931 illene
722 3893 876 3950 puerorum
889 3893 1001 3952 rnungo,
1020 3875 1071 3952 qui
1084 3879 1179 3934 Anto·

50 3953 74 3992 1⁰
94 3939 181 4005 laudes
203 3949 328 4008 vidimus
358 3968 444 4028 supra
469 3947 573 4008 Annul.
626 3954 683 4026 nio,
702 3955 861 4024 triumviro,
881 3955 988 4016 eximii
1004 3953 1180 4034 iormipue·

51 4030 91 4074 Χ1·
102 4030 144 4091 49.
155 4039 182 4086 et
195 4047 263 4087 xvr.
280 4035 326 4099 17.
626 4054 670 4094 ros
690 4035 761 4096 duos
780 4035 911 4093 ducentis
926 4035 1066 4106 sestertiis,
1087 4037 1180 4116 Angl.

66 4095 88 4184 ,⁵
106 4101 268 4170 Rudiontur.
309 4110 357 4168 Sic
377 4127 492 4186 quoque
506 4108 574 4167 Ovi·
629 4111 727 4176 16661.
750 4123 810 4175 131.
824 4116 872 4175 dd.
885 4115 1021 4185 vendidit,
1042 4129 1075 4176 ut
1095 4119 1180 4176 refert

52 4171 107 4249 dus,
125 4201 172 4244 111.
185 4189 219 4246 de
232 4189 330 4260 Ponto,
352 4207 398 4248 rv.
415 4195 482 4249 103.
627 4197 745 4268 Plinius,
766 4214 826 4255 vn.
846 4201 894 4254 12.
906 4217 943 4256 nn
960 4196 1056 4274 potius
1071 4195 1105 4258 L.
1118 4197 1180 4258 'l'u-

626 4279 694 4345 rius,
715 4277 801 4334 homo
813 4277 891 4355 purvi
904 4278 1018 4356 ingenii,
1029 4279 1079 4336 sed
1092 4277 1180 4338 multi

53 4327 576 4458 *uum
625 4357 1180 4434 ¹²b01³⁵2⁶⁰q⁰⁰T¹¹¹¹⁵⁰⁸1⁶⁸⁰¹²‘·

107 4455 166 4501 nm.
465 4523 466 4528 ἵ
626 4441 708 4501 orat.
723 4457 789 4518 cup.
799 4434 850 4507 67.
