2859 4950
162 268 166 277 .
301 226 363 288 ΑΙ)
384 218 615 285 DIALOGUM
637 222 695 283 DE
715 219 988 287 ORATORIBUS.
1165 224 1227 294 621
1309 168 1310 171 '

88 376 297 446 Forentum
311 400 485 445 ceruorum.
529 376 579 443 Ite
604 377 709 445 MSS.
727 374 831 441 Vatic.
862 376 917 443 Sin
941 344 1064 465 quoqne
1086 378 1229 463 placebat

39 490 192 561 Schelio
211 504 245 557 et
260 490 407 557 Ernesto.
452 487 542 555 Male
557 487 628 554 libri
643 488 728 567 editi,
742 486 918 576 sorensium
933 512 1101 563 mutorum.

94 710 207 781 Cen.
225 721 257 781 5.
279 710 419 779 Modesti
423 712 556 801 judiees.
599 710 678 790 MS.
689 709 793 779 Votic.
813 712 904 779 1868.
920 710 1071 795 moderati
1074 708 1209 803 judiees.

97 823 148 889 Se
180 834 339 891 excusent.
386 822 426 889 Se
451 825 539 890 abest
565 820 585 885 d
609 821 697 889 libris
716 823 815 890 editis.
860 821 899 889 In
927 824 1060 889 editione
1090 824 1232 911 principe

48 936 204 1021 antiqua
222 959 315 1000 manu
330 936 413 1001 rectd
429 933 565 1000 additum
581 934 690 1019 reperi.

101 1046 242 1112 Gratid
251 1046 431 1133 ιιιιιιιαὶινι.
475 1044 525 1110 lte
538 1044 687 1112 editiones
708 1058 826 1113 veteres
849 1058 881 1113 et
903 1046 1097 1113 recentiores.
1142 1048 1234 1115 Mate

51 1158 88 1225 in
108 1156 282 1249 Lipsianis
296 1157 392 1239 tibris,
411 1154 536 1244 gratia.

104 1269 190 1357 Ego
208 1267 823 1347 enim··urbitrum...irrueui·osocietote
832 1266 984 1353 plurium.
1017 1264 1140 1333 Locum
1154 1269 1235 1345 hume

55 1381 198 1467 optimd
216 1380 348 1446 restituit
364 1381 404 1446 P.
422 1378 573 1445 Pithoeus.
619 1379 775 1463 corrupte
800 1379 832 1445 iu
856 1377 1010 1443 veteribus
1036 1378 1236 1460 editionibus,

59 1504 94 1559 et
129 1514 195 1580 ego
226 1492 307 1558 euim
327 1527 357 1546 ..
370 1524 402 1544 ··
422 1491 589 1558 arbitrium
604 1490 825 1555 ····iuoeuiri
841 1489 1044 1555 ...dotus
1065 1490 1236 1576 plurimun

60 1603 215 1693 &feudi
262 1602 350 1683 Beni
366 1602 443 1669 MS.
459 1602 583 1667 Fontes
597 1602 741 1669 sacietate
750 1601 901 1689 plurium.
945 1601 1086 1688 Antiqui
1111 1625 1236 1689 quoque

62 1741 167 1783 manu
184 1717 221 1781 in
236 1716 370 1781 editione
386 1714 526 1800 principe
539 1713 775 1791 emendatum,
762 1713 876 1778 treverii.

39 1887 44 1900 ,
115 1827 186 1893 Set
201 1838 234 1894 et
248 1826 357 1914 ipsum.
402 1824 518 1891 Madet
532 1824 689 1904 Muretus,
709 1822 799 1889 sed
786 1844 897 1910 ιριιιιιι.
941 1822 1117 1905 Rhenanus,
1138 1824 1191 1891 red
1202 1781 1238 1889 id

66 1938 192 2025 ipsum.

116 2046 228 2135 Apud
240 2069 302 2113 vos.
347 2046 436 2111 Bene
453 2046 577 2132 Lipsius
593 2060 625 2111 et
638 2045 798 2115 Ernestns.
822 2044 861 2109 In
874 2045 1025 2113 veteribus
1040 2045 1237 2129 editionibus,

74 2160 166 2247 opud
179 2180 248 2225 eos.
1222 2204 1240 2243 ι

120 2268 256 2335 Parare
268 2266 370 2333 simul.
414 2265 518 2333 MSS.
532 2266 634 2333 Vntic.
644 2289 767 2354 perere.

120 2380 308 2453 Adsciscere
320 2379 469 2452 ustiones.
512 2376 644 2445 Itulibri
658 2402 765 2444 omnes
780 2379 865 2445 editi.
888 2378 925 2444 In
936 2378 1125 2445 Msvatic.
1144 2380 1237 2447 1868.

73 2495 284 2561 necessitates.
328 2489 433 2557 MSS.
448 2487 550 2556 Vstie.
569 2499 650 2557 1518
664 2505 695 2556 et
708 2499 804 2564 4498.
827 2491 1064 2560 necessitudines.

123 2605 293 2693 Factaque
306 2613 422 2668 nostra.
467 2600 696 2687 Benddipsius
710 2618 742 2668 et
758 2603 904 2668 Ernestus
919 2604 936 2668 ὲ
954 2602 1035 2668 libro
1059 2603 1154 2668 Rom.
1199 2600 1239 2666 In

75 2717 241 2783 veteribus
255 2713 448 2799 editionibus,
460 2713 558 2801 facta
573 2725 690 2781 uestra.
734 2714 837 2780 MSS.
852 2712 953 2780 vatic.
982 2723 1063 2780 1518
1086 2729 1119 2780 et
1142 2723 1238 2800 4498,

69 2826 236 2916 factaque
245 2845 305 2909 per
318 2834 433 2886 nostru.

132 2936 225 3007 Quid
248 2935 307 3000 erit
332 2932 439 2999 tutius.
482 2930 533 2999 Ite
557 2932 749 3000 Puteolanus
778 2949 810 3000 et
833 2935 1031 3002 recentiores.
1072 2935 1110 3000 In
1137 2934 1241 3021 MSS.

81 3049 192 3116 Vetic.
206 3046 358 3135 quidest.
402 3044 508 3113 Editio
533 3045 687 3133 princeps,
716 3046 793 3132 quid
815 3045 906 3111 enim.
949 3031 1111 3114 Acidslius
1135 3045 1242 3112 mallet
1303 3031 1309 3043 ⁸

84 3159 210 3226 utilius.

135 3267 338 3358 Ultroferus.
382 3266 487 3333 MSS.
501 3267 605 3332 Vatic.
619 3280 650 3331 et
662 3267 811 3334 editiones
825 3281 953 3348 veteres,
964 3267 1067 3355 ferat.

133 3379 291 3467 Prosper&
301 3379 487 3469 fluentibus.
531 3377 583 3444 Its
606 3377 710 3444 MSS.
725 3379 829 3446 Vetic.
852 3379 942 3444 Male
955 3394 1070 3448 veteres
1084 3381 1242 3464 editiones,

84 3515 186 3581 prope
187 3490 375 3577 fluentibus.
420 3489 536 3556 Posted
550 3490 757 3569 emendatum,
774 3489 881 3576 probe.

136 3605 285 3672 Aliorum
293 3601 449 3689 presidio.
494 3601 574 3668 MS.
588 3600 690 3681 Vatic.
706 3602 801 3672 1868.
819 3599 979 3689 profligia.
1023 3601 1127 3670 MSS.
1141 3601 1243 3670 Vstic.

96 3725 180 3782 1518
196 3727 228 3780 et
241 3721 338 3788 4498.
355 3711 515 3802 perfugio.
665 3719 668 3725 '

138 3823 323 3902 Periculum
336 3824 500 3910 increpuit.
544 3823 582 3890 In
595 3825 749 3897 veteribus
760 3823 955 3906 editionibus,
971 3826 1145 3911 perieulum
1169 3829 1245 3894 irre-

91 3947 162 4023 pat.
194 3937 283 4002 Bene
298 3934 455 4020 Lipsinse
470 3935 548 4000 ΜΒ.
563 3935 687 4005 Fene.
700 3936 863 4022 increpuit.
906 3935 952 4001 Ut
961 3938 1247 4023 npud‘Cieerouenr

97 4049 129 4115 in
144 4047 270 4143 Cetilin.
287 4055 358 4118 17.
405 4045 569 4135 Quidquid
592 4048 787 4135 increpuerit,
813 4045 985 4118 Catilinam
1009 4049 1129 4118 umeri:
1131 4032 1246 4144 apud

102 4134 235 4237 livium,
258 4157 329 4222 iude
342 4179 369 4223 ιι
363 4156 487 4246 quid
474 4170 609 4243 increpet
622 4161 760 4226 terroris

146 4266 272 4352 Larice,
295 4281 350 4335 aut
360 4266 497 4370 gladius.
542 4269 673 4356 Optime
689 4272 866 4338 Rhenanus.
910 4268 949 4337 In
963 4269 1067 4340 MSS.
1088 4285 1120 4340 et
1141 4271 1250 4340 reteri·

98 4380 160 4449 bus
172 4380 367 4460 editionibus,
389 4365 491 4452 dorice
502 4378 638 4470 gladius.
812 4403 814 4408 ·
