2859 4950
250 274 311 345 59⁸
556 270 679 333 NOTAE
700 268 753 331 ΕΤ
772 268 1106 336 succentriones

253 494 261 503 ,
297 422 389 491 Cae.
402 432 457 493 st.
481 420 573 489 Bello
575 421 704 512 faciles.
750 421 803 489 Sic
821 420 987 489 Rhenanus
1000 448 1038 491 ac
1051 424 1159 491 deinde
1172 425 1272 490 ceteri
1286 447 1380 494 omnes

254 534 359 603 MSS.
373 532 474 599 Vatic.
485 547 518 598 et
531 534 679 601 editiones
693 546 822 614 veteres,
837 535 870 599 iu
881 536 976 601 dello:
991 540 1075 623 qnod
1089 538 1167 601 forte
1181 560 1249 601 non
1263 538 1304 601 ita
1318 562 1381 622 sper·

253 646 400 716 nendum.
441 644 551 711 Tellus
568 645 682 711 erdmd
705 644 818 725 Plinio,
835 666 979 713 xxxin.
992 670 1022 713 n.
1045 658 1070 713 l.
1086 647 1230 713 laudatur
1244 658 1265 686 “
1282 650 1382 713 anninl

207 834 217 847 .
255 778 361 845 parca,
387 754 545 844 facilisque
574 754 606 821 in
634 756 777 821 omnibns
808 779 1008 843 quoecumque
1034 760 1194 843 prosunt.’'
1244 760 1384 823 Rhenmnr

257 882 359 936 umen
371 868 483 955 aliique
498 880 625 947 terrtant,
639 867 674 932 iu
687 868 800 933 bellum
813 866 861 933 vel
876 869 909 935 iu
932 868 1012 934 bello
1024 867 1144 957 sutiles
1152 896 1163 949 ‚·
1185 870 1278 956 quod
1290 866 1383 952 elegat·

256 996 303 1048 ter
312 1004 436 1068 qnoque
444 980 607 1045 diceretur.

302 1091 829 1178 Abraouann-··coucupiscerern.
873 1090 972 1156 Recte
985 1090 1122 1179 quidem.
1167 1090 1384 1173 Necsatiaaptl

261 1204 313 1271 Cl.
326 1204 474 1270 Ernestus
488 1204 567 1269 hano
581 1202 783 1267 diversitatem
799 1202 830 1267 in
845 1204 944 1267 modis
958 1204 1122 1267 verborum
1138 1204 1256 1288 arguit,
1271 1218 1301 1267 et
1315 1218 1385 1265 mna

260 1330 326 1389 orm
340 1315 444 1394 vellet,
466 1328 520 1381 aut
532 1314 714 1380 abnuerem·
725 1348 736 1371 ·
747 1349 757 1369 ·
767 1328 836 1379 0ant
850 1313 1111 1401 concupiscebant.
1155 1313 1310 1397 Agricola
1328 1312 1386 1396 pn'n·

260 1428 367 1515 cipum
392 1426 472 1491 lilios
496 1425 671 1491 liberalibus
699 1424 816 1491 artibus
845 1425 1023 1506 erudiendo,
1045 1424 1164 1509 ingenia
1191 1426 1384 1489 Britarmomn

262 1540 454 1616 mtesrtando,
473 1560 571 1623 enque
584 1536 690 1601 studiis
710 1536 876 1603 Gallorum
897 1535 1023 1601 meliora
1038 1538 1249 1622 predicando,
1265 1534 1355 1598 effecit
1365 1548 1387 1595 nt

265 1647 418 1727 Britanni,
445 1648 499 1735 qui
520 1648 613 1713 modo
635 1647 772 1732 lingnam
794 1646 967 1712 Romanam
991 1649 1176 1725 abnuebant,
1203 1646 1384 1732 eloquentiam

264 1759 528 1844 concupiscerent.
575 1757 732 1824 Potuisset
747 1760 872 1844 quidem
885 1756 1014 1823 Tacitus
1030 1782 1153 1844 qnoque
1166 1760 1285 1835 dicere,
1298 1756 1385 1819 ubuu-

265 1882 346 1937 mt.
388 1868 547 1937 Abstinuit
567 1882 672 1937 autem
694 1892 734 1933 ne
755 1868 868 1955 pariter
889 1870 1059 1935 desinerent
1073 1872 1172 1934 verba.
1221 1868 1262 1934 Id
1276 1867 1385 1933 emmast

267 1979 414 2065 orationis
428 1979 545 2048 vitium.

313 2090 537 2179 Paulatimque
549 2090 720 2159 discessum.
765 2090 879 2159 Mallet
895 2090 1040 2173 Pichena,
1053 2090 1239 2177 demensus.

314 2312 473 2383 Cama.
497 2314 619 2382 Avidus
642 2315 812 2403 intercepit.
856 2312 978 2379 Avidus
1002 2311 1154 2397 eleganter
1178 2311 1300 2377 diciasr.
1338 2305 1387 2371 Ner

270 2428 457 2508 addendum,
467 2426 587 2517 glorie,
601 2439 654 2492 aut
666 2426 881 2504 omittendum,
895 2424 1017 2502 acidus,
1033 2436 1067 2489 ut
1082 2423 1146 2490 vult
1162 2423 1216 2490 Cl.
1231 2422 1367 2488 Ernestns

316 2539 375 2606 Ad
391 2539 500 2607 Tauro.
544 2540 647 2606 MSS.
661 2539 763 2606 Vatic.
786 2539 829 2604 nd
854 2537 1006 2603 Teucrum.
1051 2537 1114 2605 Sed
1135 2535 1167 2600 in
1190 2536 1322 2620 margine
1332 2529 1382 2596 MS·

273 2651 376 2718 vatic.
389 2659 487 2724 8429.
504 2649 615 2716 Tuane.

324 2761 367 2826 Ut
380 2773 449 2826 erat
463 2762 558 2828 horris.
603 2759 652 2827 Ita
661 2761 739 2828 MS.
752 2761 852 2826 Vatic.
869 2769 963 2836 3429.
978 2775 1009 2826 et
1022 2761 1170 2826 editiones
1185 2773 1308 2827 veteres·
1328 2751 1382 2816 Eut

276 2893 439 2960 perperam
453 2870 473 2936 d
486 2871 707 2939 recentioribus
722 2871 878 2938 omissum.

324 2984 478 3048 Secretum
492 2983 694 3050 stridentium.
739 2983 815 3050 MS.
831 2982 932 3071 {atie
946 2993 1199 3058 aduocauerunt
1216 2977 1383 3050 utsilouiun.

325 3201 415 3270 Cur.
437 3209 490 3268 23.
514 3201 730 3268 Percucrcrot.
774 3199 824 3268 Ita
839 3203 1005 3270 Rhenanus
1018 3217 1049 3270 ot
1068 3203 1263 3268 recentiores.
1303 3195 1381 3260 Puteo

280 3304 544 3380 lanusetveteres
558 3313 936 3399 editionesprecurrerot.
1159 3291 1162 3296 Δ

329 3424 433 3490 Clota.
476 3423 525 3488 Ita
540 3424 642 3490 MSS.
656 3423 758 3490 Vatic.
774 3441 805 3490 et
819 3426 965 3490 editiones
979 3441 1105 3492 ueteres.
1149 3423 1242 3492 Male
1256 3413 1379 3487 Beroaldus

283 3551 316 3604 et
329 3535 523 3616 recentiores,
535 3532 644 3600 Glota.
689 3535 862 3604 Ptolemaeo
879 3561 1012 3624 qnoque,
1030 3559 1070 3602 rr.
1086 3547 1116 3603 3.
1131 3545 1308 3602 memoratur
1320 3523 1378 3590 Cllll

279 3647 469 3723 alencium.
505 3628 508 3633 Ι

330 3756 459 3826 Diversi
480 3756 576 3822 muris
597 3758 728 3824 astibus.
773 3758 875 3826 MSS.
889 3759 1038 3826 editiones
1055 3772 1172 3826 veteres
1186 3773 1217 3824 et
1235 3747 1378 3823 rocenllffl‘l

285 3867 414 3938 esibus.
459 3866 550 3934 Male
575 3867 752 3950 Rhenanus,
767 3881 875 3947 estus,·
898 3870 1032 3956 Lipsius,
1049 3882 1133 3936 astu.
1175 3867 1214 3935 In
1235 3867 1301 3934 MS.
1313 3853 1375 3922 l'atit·

286 3988 383 4054 ³429.
395 3977 521 4054 disertis·
534 3979 629 4044 muris
641 3981 772 4046 cestibus.

333 4089 483 4156 Reoecte.
526 4089 576 4155 Ita
598 4090 700 4157 MSS.
716 4092 815 4158 Vatic.
837 4105 869 4158 et
889 4108 1057 4158 veteresne
1077 4093 1255 4160 recentiores
1266 4081 1373 4156 edlfiffl‘l

285 4202 380 4274 Male
395 4203 572 4282 Rhenanus,
585 4205 705 4285 revecti,
720 4207 802 4292 quod
817 4205 905 4270 multi
918 4203 1026 4291 posted
1039 4205 1200 4274 retinuere.
