2859 4950
221 355 284 410 214
634 334 974 400 supptementum
1156 339 1195 397 A.
1211 335 1249 396 U.
1261 337 1294 396 C.
1306 339 1365 403 789.

225 501 301 592 lilii,
325 497 416 576 bene
442 495 644 596 composita.
694 497 815 571 Funus
835 497 910 594 ejus
924 489 1118 582 modicum,
1141 507 1371 566 testamentum

226 619 287 694 diu
303 617 445 692 inritum
461 613 548 688 fuit:
575 613 713 688 laudata
727 628 779 685 est
796 633 861 709 pro
876 607 1034 685 rostrisi
1052 609 1097 684 C.
1109 608 1250 685 Caesare
1260 633 1369 708 prone·

224 754 320 836 pote,
345 731 405 834 qui
422 757 507 806 mox
523 753 642 802 rerum
658 727 788 828 potitus
802 742 865 800 est.

276 980 312 1042 2.
338 969 402 1040 Ar
419 961 593 1052 Tiberius,
618 960 718 1061 qubd
743 958 914 1058 supremis
928 957 966 1032 in
981 975 1130 1034 matrem
1144 959 1266 1035 officiis
1285 959 1371 1036 desu-

225 1085 317 1174 isset,
342 1083 426 1158 nihil
444 1078 575 1155 mutati
591 1073 790 1151 amoenitate
815 1075 909 1166 vitae,
934 1075 1251 1175 “magnitudinem
1275 1102 1370 1178 nego·

223 1210 251 1247 “
276 1201 431 1275 tiorum”
449 1222 512 1296 per
528 1195 642 1268 literas
657 1191 834 1267 excusavit
845 1207 867 1266 :¹
881 1192 1102 1291 honoresque
1118 1193 1298 1268 memoria:
1308 1197 1370 1293 ejus

222 1319 267 1392 ab
296 1333 416 1393 senatu
437 1311 534 1414 largi:
553 1311 727 1398 decretos,
751 1310 848 1409 quasi
876 1335 941 1408 per
963 1309 1167 1384 modestiam
1195 1309 1372 1399 imminuit,

221 1432 340 1534 paucis
356 1431 551 1505 admodnm
567 1425 726 1525 receptis,
750 1444 786 1500 et
812 1425 943 1515 addito,
968 1433 995 1470 “
1011 1449 1056 1500 ne
1085 1427 1236 1502 coelesm
1259 1427 1372 1527 religio

221 1559 248 1596 ‘⁴
273 1551 541 1636 decemeretur;
568 1545 616 1618 sic
631 1544 742 1641 ipsam
757 1542 957 1615 maluisse.”
1008 1542 1106 1638 Quin
1128 1557 1164 1618 et
1179 1560 1277 1640 parte
1291 1546 1371 1645 ejus·

221 1668 303 1741 dem
337 1664 491 1764 epistolae
523 1659 694 1759 increpuit
726 1658 941 1734 “amicitias
972 1659 1201 1749 muliebres,’'
1238 1661 1370 1734 Fufium

216 1785 397 1860 consulem
425 1777 567 1876 oblique
593 1772 850 1876 perstringens:
874 1772 1031 1875 isgmtiai
1047 1779 1221 1875 Augusta:
1251 1775 1368 1850 florue-

218 1919 287 1990 rat,
316 1915 417 1996 aptus
444 1895 631 1970 alliciendis
659 1893 886 1983 foeminarum
914 1891 1049 1983 attimis,
1078 1891 1181 1966 dicax
1205 1892 1314 1986 idern,
1340 1912 1371 1968 et

217 2013 399 2118 Tiberium
428 2011 561 2087 acerbis
587 2007 716 2084 facetiis
747 2009 896 2084 inridere
924 2009 1067 2084 solitus:
1103 2033 1254 2108 quarum
1286 2012 1370 2112 apud

218 2145 449 2232 praepotentes
465 2129 501 2200 in
518 2127 665 2228 longum
681 2125 851 2200 memoria
864 2141 928 2199 est.

269 2377 304 2439 3.
332 2364 534 2439 Caranum
558 2385 604 2434 ex
622 2384 664 2433 eo
680 2378 857 2458 praerupta
868 2362 941 2459 jam
958 2376 992 2431 et
1008 2383 1138 2459 urgens
1164 2360 1370 2436 dominatio:

217 2508 299 2557 nam
316 2480 482 2556 incolumi
499 2476 675 2578 Augusti,
701 2494 775 2551 erat
790 2478 905 2551 adhuc
927 2474 1151 2577 perfugium
1178 2477 1259 2578 quia
1274 2480 1372 2553 Tibe·

216 2601 269 2673 rio
296 2598 523 2671 inveteratum
553 2618 637 2693 erga
666 2614 814 2667 matrem
842 2592 1063 2691 obsequium,
1093 2618 1208 2693 neque
1233 2596 1373 2694 Sejanus

215 2716 363 2791 audebat
393 2710 583 2787 auctoritati
608 2710 757 2807 parentis
794 2710 933 2783 anteire.
985 2710 1088 2783 Tunc
1125 2710 1222 2783 velut
1257 2708 1371 2785 fraenis

215 2829 365 2906 exsoluti
381 2843 637 2927 proruperunt:
656 2826 839 2924 ntissaeque
851 2825 887 2897 in
897 2825 1129 2925 Agrippinam
1140 2852 1181 2900 ac
1193 2826 1370 2901 Neronem

215 2949 336 3036 literae,
362 2972 447 3044 quas
462 2930 598 3041 pridem
615 2942 756 3033 adlatas,
776 2960 811 3015 et
826 2941 994 3016 cohibitas
1009 2942 1053 3015 ab
1070 2942 1248 3042 Augusti,
1264 2944 1370 3018 credi·

210 3066 264 3167 dit
291 3064 438 3161 vulgus:
466 3060 558 3137 haud
585 3059 677 3133 enirn
700 3058 855 3132 multum
872 3076 950 3155 post
966 3075 1116 3131 mortem
1132 3062 1207 3158 ejus
1223 3062 1369 3135 recitatae

212 3200 304 3255 sunt.
356 3180 472 3253 Verba
501 3178 634 3250 inerant
661 3175 807 3274 quaesiti
834 3175 1034 3271 asperitate:
1071 3178 1133 3249 sed
1165 3200 1239 3249 non
1263 3202 1369 3265 anna,

211 3324 284 3373 non
300 3323 420 3371 rerum
436 3320 607 3369 novarum
623 3294 800 3384 studium;
820 3299 846 3334 “
863 3317 998 3367 artiores
1009 3297 1193 3393 juvenum,
1210 3312 1245 3366 et
1261 3294 1368 3391 impu·

212 3422 239 3458 “
264 3414 440 3489 dicitiam''
474 3410 591 3509 nepoti
624 3412 838 3509 objectabat:
865 3408 902 3481 in
927 3434 1058 3482 nurum
1090 3430 1135 3482 ne
1164 3408 1200 3482 id
1229 3410 1366 3508 quidem

210 3532 411 3629 confingere
441 3555 556 3619 ausus,
583 3528 863 3627 “adrogantiam
889 3527 958 3601 oris
981 3543 1016 3600 et
1031 3545 1276 3601 contumacem
1301 3525 1365 3600 ani·

208 3654 234 3690 “
260 3648 384 3719 mum’'
418 3633 597 3735 incusavit,
638 3669 768 3745 magno
801 3646 942 3717 senatds
975 3668 1104 3742 pavore
1137 3670 1176 3717 ac
1210 3642 1363 3718 silentio:

208 3765 320 3837 donec
349 3766 462 3861 pauci,
488 3763 584 3863 queis
601 3762 697 3835 nulla
713 3787 760 3835 ex
776 3762 923 3836 honesto
946 3786 1037 3859 spes,
1064 3779 1099 3835 et
1114 3760 1255 3859 publica
1279 3758 1363 3834 mala

208 3881 351 3981 singulis
373 3881 409 3953 in
436 3880 652 3953 occasionem
678 3880 798 3980 gratiae
824 3878 1023 3969 trahuntur,
1048 3885 1075 3922 ‘⁶
1092 3897 1131 3951 ut
1153 3874 1361 3951 referretur’'

206 3999 437 4099 postulavere,
482 3996 715 4095 promtissimo
759 3994 866 4069 Cotti
906 3994 1097 4069 Messalino
1136 4020 1221 4068 curn
1260 3988 1360 4069 atroci

206 4114 395 4187 sententia:
423 4114 484 4187 sed
496 4113 614 4186 'atiist
639 4112 864 4210 primoribus,
889 4111 1112 4214 maximeque
1129 4110 1151 4184 i
1166 4106 1361 4212 magistrati·

204 4232 285 4323 bus,
310 4230 565 4328 trepidabatur:
593 4231 723 4329 quippe
748 4231 926 4321 Tiberius,
949 4230 1012 4305 etsi
1037 4224 1171 4307 mense
1199 4228 1360 4310 invectu,

204 4364 318 4421 cetera
334 4345 496 4445 ambigua
512 4346 709 4446 reliquerat.
