2859 4950
195 380 233 433 22
563 370 597 425 C.
619 363 819 425 CORNELII
840 364 978 424 TACITI

195 526 330 612 diebus,
346 520 505 596 humanis
521 546 661 619 quoque
678 519 817 593 hostiis¹
839 520 936 594 litare
952 518 1003 595 fas
1019 520 1158 595 habent.
1211 522 1345 598 Hercu-

196 642 267 715 lem
283 665 322 713 ac
338 640 491 711 Martem
508 636 677 709 concessis
696 634 922 709 animalibus²
938 638 1094 734 placant:
1120 662 1201 735 pars
1219 640 1347 713 Suevo-

196 780 278 831 rum
307 773 342 829 et
367 753 446 827 Isidi
474 752 663 825 sacrificat.3
715 752 823 823 Unde
850 777 951 825 causa
976 771 1010 825 et
1036 752 1134 851 origo
1163 754 1347 853 peregrino

196 896 307 971 sacra,
324 871 451 966 pariam
469 868 635 964 comperi,
652 866 715 939 uisi
742 868 840 964 qubd
863 868 1000 967 signum
1016 868 1129 966 ipsum
1145 868 1182 939 in
1200 872 1347 941 rhodum

198 985 344 1063 liburnae
356 988 557 1084 figuratum,
574 984 676 1057 docet
692 984 870 1066 advectam
882 985 1111 1084 religionem*
1162 986 1347 1075 Ceterum,

201 1287 295 1356 gentes
317 1278 427 1355 lapides
444 1280 597 1354 jacebant:
619 1296 682 1335 aras
704 1279 748 1336 fu·
800 1279 1346 1359 aliaAEpyptiacorumsacrorumapud

140 1396 144 1401 -
203 1358 747 1435 isae,ctantiquissimaereligionis,cum
800 1362 1348 1420 Germanosmunumentaexhibeteru-

202 1438 335 1496 humanm
357 1440 456 1496 hostiae
476 1439 636 1509 litarentur,
648 1458 748 1496 monu-

203 1534 308 1588 menta,
330 1520 462 1579 arbitror.
503 1520 574 1577 ltaec
596 1520 665 1577 cum
689 1538 749 1577 cer-

201 1617 307 1667 nerem,
321 1602 450 1657 animum
471 1600 587 1658 subibat
606 1600 751 1672 Lucanus,

206 1698 257 1737 111.
271 1686 341 1748 399.

204 1812 279 1852 Luem
285 1815 344 1857 crat,
350 1810 417 1859 longo
425 1818 549 1860 numquam
559 1811 656 1851 uiolatus
664 1812 693 1851 ab
701 1822 751 1853 aaa.
764 1866 766 1877 Ι

493 1986 539 2025 Ha
547 1985 646 2025 barbara
656 1989 708 2025 ritu

205 2045 278 2083 Sacra
287 2040 366 2088 mam.
374 2047 465 2085 oracta
474 2044 651 2092 dimiseramus
661 2058 713 2092 ara,

207 2104 326 2154 Omnisque
344 2102 451 2141 humanae
466 2105 566 2141 lustrata
583 2104 703 2143 cruoribus
715 2114 752 2144 ar·

255 2162 300 2201 m
345 2166 350 2174 „

248 2298 258 2326 ¹
281 2299 421 2358 Humanis
433 2318 539 2375 quoque
552 2299 660 2359 hostiis.
682 2302 752 2359 Inde

209 2382 354 2451 Lucanus,
366 2399 389 2438 ι.
402 2386 471 2436 444.

208 2544 238 2586 Et
250 2545 332 2594 quibus
342 2545 436 2583 immitia
442 2543 554 2592 placatur
562 2545 673 2594 sanguine
681 2544 735 2584 diro

211 2605 317 2650 statuta,
327 2603 464 2652 'torrensque
466 2603 528 2652 feria
537 2603 651 2643 altaribus
661 2604 738 2644 irato.

150 2763 153 2769 ·
208 2742 342 2798 Teutates
367 2749 409 2795 est
433 2737 616 2810 Mercurius3
650 2741 752 2822 Hesus,

110 2861 117 2874 .
204 2821 301 2878 ¹Mars.

248 2893 263 2924 ²
283 2897 425 2957 Concessio
438 2899 610 2957 animalibus.
633 2899 751 2958 Herculi

209 2998 325 3056 quoque
345 2990 374 3034 ct
396 2979 484 3037 Marti
504 2979 635 3037 humanis
656 2981 753 3038 bostiis

209 3058 325 3116 litatum
358 3059 443 3115 fuisse
476 3048 653 3116 crediderim.
710 3063 754 3117 Dc

210 3139 307 3197 Marte
321 3151 441 3208 constat,
454 3139 553 3196 saltem
571 3142 752 3216 flagrantibus

208 3219 302 3278 bellis.
338 3219 386 3276 Sic
400 3220 475 3276 onim
490 3220 597 3278 Annal.
612 3241 687 3280 xur.
704 3229 753 3288 57.

198 3296 340 3375 Victores
360 3301 495 3357 diuersum
509 3302 594 3358 acion
611 3302 707 3359 Marti
721 3324 753 3360 uc

209 3379 357 3439 Mercurio
369 3399 524 3452 sacravere,
537 3401 589 3457 quo
603 3392 667 3439 roto
677 3383 753 3459 equi,

801 1442 876 1499 ditus
904 1443 1111 1519 Schoepflmus,
1131 1444 1227 1500 Airai.
1251 1440 1348 1499 Illast.

802 1523 868 1579 vot.
889 1542 912 1581 1.
937 1544 966 1599 p.
989 1530 1057 1593 499.
1099 1524 1222 1580 Cultum
1251 1531 1347 1579 autem

802 1604 883 1660 Isidis
904 1604 932 1660 iu
953 1606 1096 1661 liburnam
1114 1600 1246 1677 figuratae
1270 1602 1349 1659 illus·

802 1696 857 1741 trat
883 1684 929 1741 cl.
953 1686 1106 1751 bluratori,
1134 1683 1272 1740 Thesaur.
1301 1682 1349 1739 Ia·

801 1764 899 1841 script.
923 1764 988 1820 Vol.
1006 1782 1027 1821 1.
1049 1784 1077 1840 p.
1091 1769 1138 1821 25.
1181 1764 1227 1820 lbi
1251 1762 1348 1819 videre

802 1847 944 1900 esthama
960 1862 1053 1902 cuir
1063 1864 1106 1903 aa
1118 1862 1152 1913 m,
1170 1864 1236 1919 quae
1250 1844 1347 1900 eadem

802 1935 843 1980 cst
859 1944 892 1981 ac
911 1926 972 1981 Isis.
1001 1925 1112 1983 Dextra
1124 1925 1241 1981 sistrum
1254 1934 1284 1981 ct
1295 1942 1349 1981 scr·

803 2018 912 2079 pentem
928 2016 1019 2073 tenet;
1041 2004 1163 2073 sinistri,
1186 2022 1346 2061 mensuram

805 2086 866 2142 Nili
881 2087 1045 2143 crescentis:
1066 2102 1154 2161 supra
1168 2098 1260 2161 caput
1273 2084 1347 2141 cala·

802 2164 884 2222 thum
919 2168 1004 2240 gerit:
1040 2178 1113 2222 retro
1145 2176 1188 2222 est
1221 2166 1347 2222 liburna.

803 2246 879 2301 Cbm
907 2246 1043 2303 Germani
1073 2247 1148 2303 Deos
1175 2247 1204 2301 in
1228 2244 1346 2303 humaui

803 2326 857 2383 oris
867 2328 989 2402 speciem
1003 2344 1059 2382 non
1071 2325 1288 2396 adsimularem,
1299 2324 1348 2382 Isi·

804 2392 877 2475 dem,
892 2407 1043 2484 figuratam·
1054 2408 1082 2464 in
1099 2408 1253 2478 liburnam,
1269 2424 1347 2463 vene·

804 2488 856 2544 rati
869 2503 936 2546 sunt
953 2489 1048 2548 Suuvi.
1080 2489 1158 2564 Ipsos
1176 2501 1286 2558 autem,
1298 2487 1348 2563 qui

804 2569 913 2638 Albim,
936 2569 1162 2643 Danubiumque
1176 2568 1348 2634 occulerent,

803 2647 820 2703 b
831 2651 1034 2707 mercatoribus
1045 2649 1214 2706 Romanisre
1225 2649 1349 2716 edoctos,

806 2729 918 2798 Isidem,
936 2730 1131 2805 navigantium
1149 2729 1253 2797 Deam,
1267 2727 1346 2786 coiu-

805 2809 857 2866 isse
877 2809 994 2867 minimi
1016 2811 1118 2866 mitum
1131 2822 1182 2866 est.
1227 2811 1346 2868 Sacrum

805 2889 877 2948 illud
913 2890 1120 2967 pervulgatum,
1151 2908 1186 2948 ac
1224 2889 1348 2948 maxime

805 2972 942 3044 agebatur
955 2989 1047 3027 memo
1060 2971 1177 3039 Martio,
1186 2972 1256 3028 cum
1272 2987 1348 3027 reno-

806 3065 918 3109 varetur
930 3052 1081 3128 navigatio.
1115 3051 1184 3107 Inde
1198 3053 1228 3110 in
1246 3050 1351 3141 Kalep·

806 3129 886 3189 dario
913 3143 1014 3190 vetere.
1045 3149 1096 3189 111.
1118 3132 1219 3190 Nonas
1238 3132 1346 3188 Martii.

806 3229 922 3271 rsrurs
947 3207 1160 3271 uariorum.
1203 3212 1349 3288 vegetius,

806 3311 835 3351 v.
850 3299 879 3360 9.
900 3303 1037 3350 memorat
1059 3292 1136 3348 hunc
1161 3295 1292 3359 natalem,
1317 3297 1348 3348 ut

805 3373 846 3428 ita
857 3375 955 3443 dicam,
970 3373 1167 3451 nauigationis,
1179 3373 1227 3448 pai
1237 3371 1347 3429 salernii

210 3460 275 3530 uiri,
289 3471 389 3518 cuncta
401 3462 475 3518 ricta
490 3461 624 3519 occidioni
639 3465 753 3522 dautur.
806 3454 964 3524 certamine,
995 3453 1158 3530 Publiqu?
1192 3453 1347 3530 ⁸p00t402¹l⁰

210 3539 370 3618 Procopius
398 3559 523 3618 quoque,
557 3542 631 3602 Bell,
663 3545 754 3601 Goth,
805 3535 953 3591 multarum
962 3536 1085 3612 gentium
1099 3534 1265 3591 celebratur.
1288 3531 1345 3600 Qui

212 3621 276 3677 Lib.
297 3637 335 3677 11.
357 3619 485 3678 homines
507 3623 592 3679 Marti
616 3635 755 3683 mactastis
807 3615 890 3690 plura
910 3614 985 3672 volet
1007 3615 1042 3670 de
1062 3613 1144 3670 cultu
1170 3615 1250 3670 Isidis
1270 3611 1346 3690 apud

210 3713 358 3758 memorat.
378 3705 418 3759 At
428 3711 461 3758 ut
472 3701 608 3759 Germani
619 3705 756 3781 Scythica
806 3695 925 3764 Suevos,
939 3696 1022 3752 adeat
1037 3693 1082 3751 Cl·
1096 3693 1131 3749 d0
1146 3695 1285 3762 Pomona,
1298 3691 1346 3768 qui

211 3793 278 3838 sunt
297 3781 412 3857 origine,
432 3783 474 3838 ita
495 3801 609 3857 quoque
630 3786 754 3842 multum
806 3775 876 3831 duas
897 3775 952 3832 hoc
969 3775 1003 3832 dc
1017 3785 1183 3850 argumento
1198 3772 1348 3831 dissertati-

212 3860 661 3938 Scythicaereligionisrctinucre.
684 3865 755 3922 llaec
806 3873 871 3912 011θὸ
884 3856 982 3926 edidit,
998 3856 1083 3912 Mfm·
1100 3857 1133 3912 de
1146 3855 1257 3944 ἶᾋΰθίῖ-
1275 3854 1345 3928 ROJ'·

212 3940 309 4018 igstur,
323 3943 345 3998 si
359 3941 449 4013 lubet,
461 3943 557 4000 conset
567 3961 634 4000 cum
646 3945 679 4000 iis
689 3965 754 4022 quae
806 3937 853 3994 dea
866 3935 988 4012 Inserit).
1003 3935 1070 3992 Vol.
1086 3954 1115 3992 v.
1131 3955 1158 4010 p.
1172 3935 1211 3993 63
1224 3945 1252 3992 et
1265 3953 1321 4008 seq.

213 4023 248 4078 de
270 4023 386 4099 Scythis
409 4023 494 4079 habct
515 4023 687 4096 Herodotus,
709 4042 754 4082 lv.
845 4012 1032 4074 *Advt't'lssm
1048 4015 1217 4092 religionem·
1240 4015 1279 4072 Ut
1292 4014 1346 4070 RO-

212 4107 252 4173 59
263 4114 290 4158 ct
303 4122 361 4176 seq.
375 4121 403 4178 p.
415 4110 476 4175 240
489 4113 518 4158 et
531 4111 600 4161 241.
807 4097 881 4153 mani
913 4099 942 4153 in
974 4097 1113 4153 veteribus
1143 4094 1201 4154 suis
1226 4093 1347 4152 nummis

253 4179 361 4242 ³Isidi
383 4183 535 4258 sacrificat,
571 4185 669 4241 Asiam
697 4185 756 4242 Eu.
806 4177 892 4246 aureis,
906 4178 954 4252 qui
968 4187 1066 4234 extant
1086 4178 1213 4254 plurimi,
1233 4171 1343 4232 Saturni

213 4283 369 4344 ropamque
403 4276 553 4342 peruagata
585 4276 626 4322 cst
657 4265 754 4341 religio
805 4257 959 4314 adventum
982 4258 1073 4334 puppi
1098 4259 1190 4315 testati
1212 4265 1285 4320 aunt,
1305 4251 1347 4307 sic

212 4343 393 4422 AEgyptiaca.
436 4344 564 4421 Reperiae
585 4345 614 4402 in
636 4347 755 4403 Germa.
805 4337 869 4394 aliae
880 4350 973 4414 gentes
981 4338 1016 4400 ad
1024 4357 1054 4393 se
1064 4339 1194 4396 advectas
1202 4335 1345 4409 religiones

211 4425 260 4483 nia
274 4425 474 4502 inscriptiones
494 4427 753 4498 nonmodbrs1u1‚
805 4417 920 4475 liburni
942 4418 970 4474 in
993 4419 1116 4477 nummis
1139 4421 1196 4480 suis
1216 4407 1345 4492 expressi

210 4506 299 4563 sedet
312 4524 334 4563 r.
348 4525 377 4566 0.
392 4525 428 4564 u.
449 4525 612 4567 araturus.
653 4509 752 4567 Multa
804 4517 877 4577 ssaepe
891 4499 1076 4559 declaravere·
