2859 4950
1374 77 1376 118 l

1375 185 1376 232 l

1375 237 1376 270 l

654 296 968 371 ΒΒΕἮΑΒῘΠΜ.

238 491 508 603 antiquorum
557 488 797 591 admirator,
847 490 1077 575 recentium
1135 502 1354 590 conamur,

237 636 401 749 Aprum
422 632 448 719 a
467 662 668 719 novorum
683 634 891 719 rhetorum
909 662 1023 737 more
1037 635 1092 721 ad
1112 638 1355 748 antiquorum

238 795 448 866 oratorum
479 778 655 865 formam
687 780 848 863 trahere
878 782 1035 864 nititur.
1096 787 1160 867 15.
1192 781 1292 867 Inde
1316 784 1357 866 de

239 927 425 1043 antiquis
455 938 500 1010 et
529 926 764 1009 recentibus
795 926 1038 1037 disputatio
1100 926 1164 1011 16.
1195 925 1246 1010 In
1273 929 1383 1018 anti-l

240 1096 418 1183 quorum
436 1070 742 1153 venerationem
757 1070 997 1181 conspirant
1018 1068 1213 1169 Messala,
1229 1071 1361 1154 Socun·

240 1214 333 1315 dus,
360 1228 405 1298 et
435 1212 665 1297 Maternus.
724 1212 840 1323 Aper
862 1214 1056 1322 antiquos
1082 1214 1315 1314 insectatur,
1331 1226 1363 1299 et
1384 1263 1386 1364 p

241 1360 368 1447 seculi
387 1359 608 1469 sui‘partes
628 1366 782 1439 tuetur.
843 1363 907 1449 17.
938 1356 1151 1441 Incertum
1170 1361 1281 1443 enirn
1290 1384 1363 1441 esse
1386 1371 1387 1444 l

240 1516 286 1588 et
324 1504 546 1588 obscurum
593 1504 861 1613 antiquorum
900 1530 1064 1586 nornen.
1126 1512 1199 1589 18.
1242 1500 1366 1585 Plures

242 1674 415 1760 quoque
429 1647 679 1755 eloquentiae
698 1645 870 1755 species.
904 1644 1169 1755 Malignitate
1188 1647 1367 1744 humani,
1389 1692 1390 1736 r

242 1804 383 1905 vetera
408 1792 452 1874 in
480 1791 616 1889 laude,
645 1791 867 1900 praesentia
894 1791 937 1872 in
964 1789 1130 1873 fastidio
1158 1820 1260 1875 esse.
1316 1800 1391 1884 19st

243 1936 434 2025 Cassium
469 1935 679 2029 Severum,
713 1958 840 2045 quem
871 1935 1131 2045 antiquitatis
1163 1938 1371 2021 terminum

244 2082 517 2180 constituunt,
537 2110 622 2165 non
641 2080 818 2177 inscitie,
838 2078 910 2163 sed
929 2078 1093 2193 judicio
1110 2090 1155 2161 et
1172 2081 1372 2165 intellectu
1393 2173 1394 2176 p

244 2226 301 2311 ad
339 2244 495 2313 novum
533 2225 700 2309 dicendi
740 2252 871 2334 genus
910 2250 955 2306 se
992 2224 1261 2309 transtulisse.
1317 2233 1373 2309 20.

245 2369 390 2459 Multa
421 2375 568 2455 veteris
594 2370 844 2481 eloquentia
870 2369 982 2451 vitia.
1041 2368 1275 2457 Recentern
1300 2398 1375 2454 esse

243 2517 444 2606 laetiorcm
463 2527 507 2600 et
536 2515 823 2628 pulchriorem.
881 2523 949 2598 21.
981 2512 1049 2596 De
1070 2513 1214 2615 Calvo,
1243 2516 1376 2612 Coelio,

245 2659 295 2746 C.
312 2659 488 2760 Caesare,
522 2661 669 2758 Bruto,
701 2687 845 2744 eorum
877 2659 1171 2769 Cicemuisque
1200 2660 1379 2746 cannini·

243 2803 338 2904 bus,
360 2806 412 2890 de
431 2805 577 2890 Asinio
596 2819 641 2888 ct
659 2802 839 2890 Corvino
851 2805 1023 2917 judicia.
1082 2814 1151 2888 22.
1181 2803 1380 2892 Ciceronis

244 2952 390 3038 laudes
414 2961 459 3034 et
477 2951 589 3034 vitia.
633 2929 715 3034 23.
746 2950 962 3034 Summam
987 2950 1239 3060 eloquentiae
1259 2962 1380 3039 artem

247 3123 349 3196 esse,
378 3096 645 3205 antiquorum
679 3098 843 3208 egregia
873 3121 1055 3205 quaeque
1087 3097 1256 3195 imitari,
1289 3092 1383 3180 ets

247 3225 482 3326 recentibus
502 3239 673 3330 feliciter
691 3255 855 3356 reperta
867 3243 1050 3324 miscere
1085 3251 1152 3328 24.
1175 3240 1383 3325 Maternus

169 3407 174 3414 ·
249 3383 477 3472 Messalam
503 3384 691 3476 hortatur
722 3415 804 3476 non
826 3385 880 3474 ad
901 3385 1181 3470 laudationem
1202 3387 1386 3496 antiquo

216 3522 355 3627 'runs
375 3529 613 3639 quos'fama
635 3559 711 3618 sua
738 3533 838 3615 satis
868 3531 1026 3628 laudat,
1054 3531 1127 3624 sed
1158 3543 1207 3614 ut
1232 3557 1383 3622 causas,

248 3699 328 3776 cur
343 3673 385 3762 in
407 3685 573 3758 tantum
593 3675 647 3758 ab
666 3703 810 3760 eorum
835 3675 1076 3786 eloquentis
1095 3703 1273 3787 praesens
1292 3681 1385 3757 oetas

250 3819 474 3917 recesserit,
501 3820 674 3930 aperiat.
732 3826 800 3910 25,
815 3818 1015 3906 Messala
1034 3819 1228 3933 qmadam
1252 3832 1384 3902 tamen

252 3933 306 4044 de
342 3964 612 4072 antiquorum
661 3965 843 4062 nomine,
891 3976 935 4066 et
966 3965 1126 4076 judicia
1158 3964 1214 4048 de
1242 3962 1386 4056 ¹Calvo,

253 4105 413 4206 Asinio,
428 4104 605 4205 Gaesare,
626 4105 773 4205 Coelio,
795 4109 941 4210 Bruto,
959 4109 1177 4208 Cicerones
1188 4114 1386 4198 retractat.

252 4249 320 4335 26.
351 4248 690 4350 C.·Graochnm‚·
718 4249 772 4334 L.
799 4249 992 4340 Crassum
1029 4254 1210 4338 laudan
1243 4251 1389 4338 Maece·

253 4393 520 4502 natemperd,
538 4396 781 4524 Gallionem
789 4409 831 4493 et
851 4397 1038 4488 Cassium
1054 4399 1389 4508 severumrepre
