<?xml version="1.0" encoding="UTF-8"?>
<!DOCTYPE html PUBLIC "-//W3C//DTD XHTML 1.0 Transitional//EN"
    "http://www.w3.org/TR/xhtml1/DTD/xhtml1-transitional.dtd">
<html xmlns="http://www.w3.org/1999/xhtml" xml:lang="en" lang="en">
 <head>
  <title>
</title>
<meta http-equiv="Content-Type" content="text/html;charset=utf-8" />
  <meta name='ocr-system' content='tesseract 3.04.00' />
  <meta name='ocr-capabilities' content='ocr_page ocr_carea ocr_par ocr_line ocrx_word'/>
</head>
<body>
  <div class='ocr_page' id='page_1' title='image "./ccorntacitioper01valpgoog_0385.png"; bbox 0 0 2859 4950; ppageno 0'>
   <div class='ocr_carea' id='block_1_1' title="bbox 57 343 296 426">
    <p class='ocr_par' dir='ltr' id='par_1_1' title="bbox 57 343 296 426">
     <span class='ocr_line' id='line_1_1' title="bbox 57 343 296 426; baseline -0.025 0"><span class='ocrx_word' id='word_1_1' title='bbox 57 360 88 426; x_wconf 78' lang='lat' dir='ltr'>J.</span> <span class='ocrx_word' id='word_1_2' title='bbox 108 364 147 423; x_wconf 86' lang='lat' dir='ltr'>e.</span> <span class='ocrx_word' id='word_1_3' title='bbox 171 366 229 421; x_wconf 77' lang='lat' dir='ltr'>aa.</span> <span class='ocrx_word' id='word_1_4' title='bbox 293 343 296 350; x_wconf 80' lang='grc'><em>’</em></span> 
     </span>
    </p>
   </div>
   <div class='ocr_carea' id='block_1_2' title="bbox 394 358 893 420">
    <p class='ocr_par' dir='ltr' id='par_1_2' title="bbox 394 358 893 420">
     <span class='ocr_line' id='line_1_2' title="bbox 394 358 893 420; baseline 0 -3"><span class='ocrx_word' id='word_1_5' title='bbox 394 360 505 420; x_wconf 86' lang='lat' dir='ltr'>LIBRI</span> <span class='ocrx_word' id='word_1_6' title='bbox 526 358 636 417; x_wconf 88' lang='lat' dir='ltr'>NONI</span> <span class='ocrx_word' id='word_1_7' title='bbox 656 358 893 418; x_wconf 86' lang='lat' dir='ltr'>ANNALIUM.</span> 
     </span>
    </p>
   </div>
   <div class='ocr_carea' id='block_1_3' title="bbox 1169 368 1227 429">
    <p class='ocr_par' dir='ltr' id='par_1_3' title="bbox 1169 368 1227 429">
     <span class='ocr_line' id='line_1_3' title="bbox 1169 368 1227 429; baseline 0 -8"><span class='ocrx_word' id='word_1_8' title='bbox 1169 368 1227 429; x_wconf 78' lang='lat'>373</span> 
     </span>
    </p>
   </div>
   <div class='ocr_carea' id='block_1_4' title="bbox 56 489 1225 612">
    <p class='ocr_par' dir='ltr' id='par_1_4' title="bbox 56 489 1225 612">
     <span class='ocr_line' id='line_1_4' title="bbox 56 489 1225 612; baseline -0.002 -21"><span class='ocrx_word' id='word_1_9' title='bbox 56 518 191 604; x_wconf 88' lang='lat' dir='ltr'>dictos,</span> <span class='ocrx_word' id='word_1_10' title='bbox 232 510 407 601; x_wconf 85' lang='lat' dir='ltr'>abolevit,¹</span> <span class='ocrx_word' id='word_1_11' title='bbox 450 489 652 611; x_wconf 78' lang='lat' dir='ltr'>ceteraqne²</span> <span class='ocrx_word' id='word_1_12' title='bbox 694 513 798 612; x_wconf 88' lang='lat' dir='ltr'>hujus</span> <span class='ocrx_word' id='word_1_13' title='bbox 823 511 1067 610; x_wconf 81' lang='lat' dir='ltr'>superstitionis</span> <span class='ocrx_word' id='word_1_14' title='bbox 1107 516 1225 589; x_wconf 82' lang='lat' dir='ltr'>vetuit.</span> 
     </span>
    </p>
   </div>
   <div class='ocr_carea' id='block_1_5' title="bbox 57 630 1229 967">
    <p class='ocr_par' dir='ltr' id='par_1_5' title="bbox 57 630 1229 967">
     <span class='ocr_line' id='line_1_5' title="bbox 57 630 1229 728; baseline -0.003 -21"><span class='ocrx_word' id='word_1_15' title='bbox 57 632 306 728; x_wconf 89' lang='lat' dir='ltr'>Triumphato</span> <span class='ocrx_word' id='word_1_16' title='bbox 319 630 412 704; x_wconf 89' lang='lat' dir='ltr'>enim</span> <span class='ocrx_word' id='word_1_17' title='bbox 425 648 597 704; x_wconf 88' lang='lat' dir='ltr'>terrarum</span> <span class='ocrx_word' id='word_1_18' title='bbox 608 632 707 720; x_wconf 90' lang='lat' dir='ltr'>orbe,</span> <span class='ocrx_word' id='word_1_19' title='bbox 734 632 809 703; x_wconf 87' lang='lat' dir='ltr'>haec</span> <span class='ocrx_word' id='word_1_20' title='bbox 827 630 1034 703; x_wconf 87' lang='lat' dir='ltr'>nobilissima</span> <span class='ocrx_word' id='word_1_21' title='bbox 1049 633 1229 705; x_wconf 86' lang='lat' dir='ltr'>Romanos</span> 
     </span>
     <span class='ocr_line' id='line_1_6' title="bbox 58 728 1229 846; baseline -0.003 -23"><span class='ocrx_word' id='word_1_22' title='bbox 58 752 236 823; x_wconf 90' lang='lat' dir='ltr'>manebat</span> <span class='ocrx_word' id='word_1_23' title='bbox 252 747 406 838; x_wconf 71' lang='lat' dir='ltr'>matoria,</span> <span class='ocrx_word' id='word_1_24' title='bbox 423 764 463 820; x_wconf 91' lang='lat' dir='ltr'>ut</span> <span class='ocrx_word' id='word_1_25' title='bbox 479 748 688 846; x_wconf 88' lang='lat' dir='ltr'>religionum</span> <span class='ocrx_word' id='word_1_26' title='bbox 699 765 853 821; x_wconf 84' lang='lat' dir='ltr'>monstra</span> <span class='ocrx_word' id='word_1_27' title='bbox 866 728 1039 838; x_wconf 70' lang='lat' dir='ltr'>tollerent,</span> <span class='ocrx_word' id='word_1_28' title='bbox 1055 747 1229 845; x_wconf 88' lang='lat' dir='ltr'>victasque</span> 
     </span>
     <span class='ocr_line' id='line_1_7' title="bbox 59 862 995 967; baseline -0.006 -26"><span class='ocrx_word' id='word_1_29' title='bbox 59 883 190 967; x_wconf 85' lang='lat' dir='ltr'>gentes</span> <span class='ocrx_word' id='word_1_30' title='bbox 208 864 334 937; x_wconf 89' lang='lat' dir='ltr'>rationi</span> <span class='ocrx_word' id='word_1_31' title='bbox 350 864 490 953; x_wconf 85' lang='lat' dir='ltr'>servire,</span> <span class='ocrx_word' id='word_1_32' title='bbox 503 890 542 937; x_wconf 91' lang='lat' dir='ltr'>ac</span> <span class='ocrx_word' id='word_1_33' title='bbox 559 862 676 937; x_wconf 81' lang='lat' dir='ltr'>felices</span> <span class='ocrx_word' id='word_1_34' title='bbox 688 864 802 937; x_wconf 89' lang='lat' dir='ltr'>vivere</span> <span class='ocrx_word' id='word_1_35' title='bbox 814 866 995 965; x_wconf 75' lang='lat' dir='ltr'>cogerent.</span> 
     </span>
    </p>
   </div>
   <div class='ocr_carea' id='block_1_6' title="bbox 59 1094 1231 1441">
    <p class='ocr_par' dir='ltr' id='par_1_6' title="bbox 59 1094 1231 1441">
     <span class='ocr_line' id='line_1_8' title="bbox 111 1094 1229 1179; baseline -0.002 -10"><span class='ocrx_word' id='word_1_36' title='bbox 111 1105 177 1179; x_wconf 79' lang='lat'>27.</span> <span class='ocrx_word' id='word_1_37' title='bbox 207 1099 389 1170; x_wconf 76' lang='lat' dir='ltr'>lunantur</span> <span class='ocrx_word' id='word_1_38' title='bbox 408 1096 593 1170; x_wconf 88' lang='lat' dir='ltr'>Suetonius</span> <span class='ocrx_word' id='word_1_39' title='bbox 608 1096 802 1171; x_wconf 84' lang='lat' dir='ltr'>Paullinus³</span> <span class='ocrx_word' id='word_1_40' title='bbox 828 1096 962 1170; x_wconf 86' lang='lat' dir='ltr'>bellicae</span> <span class='ocrx_word' id='word_1_41' title='bbox 976 1096 1084 1168; x_wconf 88' lang='lat' dir='ltr'>laudis</span> <span class='ocrx_word' id='word_1_42' title='bbox 1101 1094 1229 1168; x_wconf 75' lang='lat' dir='ltr'>bamam</span> 
     </span>
     <span class='ocr_line' id='line_1_9' title="bbox 59 1211 1231 1311; baseline -0.002 -26"><span class='ocrx_word' id='word_1_43' title='bbox 59 1211 96 1285; x_wconf 91' lang='lat' dir='ltr'>in</span> <span class='ocrx_word' id='word_1_44' title='bbox 131 1212 266 1287; x_wconf 75' lang='lat' dir='ltr'>Africi</span> <span class='ocrx_word' id='word_1_45' title='bbox 291 1215 539 1311; x_wconf 83' lang='lat' dir='ltr'>auspicabatur.</span> <span class='ocrx_word' id='word_1_46' title='bbox 600 1214 798 1289; x_wconf 76' lang='lat' dir='ltr'>AEdemon4</span> <span class='ocrx_word' id='word_1_47' title='bbox 822 1215 928 1303; x_wconf 90' lang='lat' dir='ltr'>enim,</span> <span class='ocrx_word' id='word_1_48' title='bbox 953 1213 1108 1300; x_wconf 78' lang='lat' dir='ltr'>libertuS,</span> <span class='ocrx_word' id='word_1_49' title='bbox 1134 1234 1231 1283; x_wconf 90' lang='lat' dir='ltr'>arma</span> 
     </span>
     <span class='ocr_line' id='line_1_10' title="bbox 62 1328 1231 1441; baseline -0.002 -39"><span class='ocrx_word' id='word_1_50' title='bbox 62 1346 281 1403; x_wconf 89' lang='lat' dir='ltr'>resumserat</span> <span class='ocrx_word' id='word_1_51' title='bbox 305 1348 345 1404; x_wconf 92' lang='lat' dir='ltr'>ut</span> <span class='ocrx_word' id='word_1_52' title='bbox 369 1332 599 1441; x_wconf 76' lang='lat' dir='ltr'>Ptolemaeum</span> <span class='ocrx_word' id='word_1_53' title='bbox 620 1358 754 1433; x_wconf 87' lang='lat' dir='ltr'>regem,</span> <span class='ocrx_word' id='word_1_54' title='bbox 778 1330 799 1403; x_wconf 70' lang='lat' dir='ltr'>d</span> <span class='ocrx_word' id='word_1_55' title='bbox 825 1331 911 1405; x_wconf 86' lang='lat' dir='ltr'>Caio</span> <span class='ocrx_word' id='word_1_56' title='bbox 942 1333 1103 1404; x_wconf 84' lang='lat' dir='ltr'>Caesare⁵</span> <span class='ocrx_word' id='word_1_57' title='bbox 1127 1328 1231 1401; x_wconf 90' lang='lat' dir='ltr'>inter·</span> 
     </span>
    </p>
   </div>
   <div class='ocr_carea' id='block_1_7' title="bbox 26 1636 628 4616">
    <p class='ocr_par' dir='ltr' id='par_1_7' title="bbox 64 1636 628 2684">
     <span class='ocr_line' id='line_1_11' title="bbox 103 1636 624 1714; baseline 0.004 -17"><span class='ocrx_word' id='word_1_58' title='bbox 103 1636 114 1664; x_wconf 86' lang='lat'>¹</span> <span class='ocrx_word' id='word_1_59' title='bbox 132 1640 285 1698; x_wconf 84' lang='lat' dir='ltr'>Aboleuit.</span> <span class='ocrx_word' id='word_1_60' title='bbox 314 1640 477 1714; x_wconf 83' lang='lat' dir='ltr'>Suetonius,</span> <span class='ocrx_word' id='word_1_61' title='bbox 494 1642 552 1701; x_wconf 90' lang='lat' dir='ltr'>loc.</span> <span class='ocrx_word' id='word_1_62' title='bbox 572 1643 624 1701; x_wconf 89' lang='lat' dir='ltr'>cit.</span> 
     </span>
     <span class='ocr_line' id='line_1_12' title="bbox 66 1716 624 1800; baseline 0.014 -24"><span class='ocrx_word' id='word_1_63' title='bbox 66 1716 254 1779; x_wconf 82' lang='lat' dir='ltr'>Druidarum</span> <span class='ocrx_word' id='word_1_64' title='bbox 267 1720 429 1797; x_wconf 79' lang='lat' dir='ltr'>religionem</span> <span class='ocrx_word' id='word_1_65' title='bbox 436 1724 512 1800; x_wconf 86' lang='lat' dir='ltr'>apud</span> <span class='ocrx_word' id='word_1_66' title='bbox 524 1724 624 1784; x_wconf 78' lang='lat' dir='ltr'>Gallos</span> 
     </span>
     <span class='ocr_line' id='line_1_13' title="bbox 64 1799 624 1869; baseline 0.014 -14"><span class='ocrx_word' id='word_1_67' title='bbox 64 1799 134 1859; x_wconf 81' lang='lat' dir='ltr'>dira</span> <span class='ocrx_word' id='word_1_68' title='bbox 143 1801 346 1869; x_wconf 88' lang='lat' dir='ltr'>immanitatis,</span> <span class='ocrx_word' id='word_1_69' title='bbox 359 1810 386 1858; x_wconf 89' lang='lat' dir='ltr'>et</span> <span class='ocrx_word' id='word_1_70' title='bbox 401 1804 624 1863; x_wconf 74' lang='lat' dir='ltr'>tantlmcivibus</span> 
     </span>
     <span class='ocr_line' id='line_1_14' title="bbox 65 1882 624 1959; baseline 0.013 -25"><span class='ocrx_word' id='word_1_71' title='bbox 65 1883 113 1937; x_wconf 81' lang='lat' dir='ltr'>sub</span> <span class='ocrx_word' id='word_1_72' title='bbox 138 1882 279 1959; x_wconf 84' lang='lat' dir='ltr'>Augusto</span> <span class='ocrx_word' id='word_1_73' title='bbox 300 1882 488 1954; x_wconf 86' lang='lat' dir='ltr'>interdictam,</span> <span class='ocrx_word' id='word_1_74' title='bbox 512 1884 624 1959; x_wconf 87' lang='lat' dir='ltr'>penitus</span> 
     </span>
     <span class='ocr_line' id='line_1_15' title="bbox 67 1956 625 2042; baseline 0.009 -27"><span class='ocrx_word' id='word_1_75' title='bbox 67 1956 201 2020; x_wconf 78' lang='lat' dir='ltr'>abolivit.</span> <span class='ocrx_word' id='word_1_76' title='bbox 240 1960 313 2018; x_wconf 83' lang='lat' dir='ltr'>Haec</span> <span class='ocrx_word' id='word_1_77' title='bbox 339 1963 380 2020; x_wconf 89' lang='lat' dir='ltr'>ita</span> <span class='ocrx_word' id='word_1_78' title='bbox 399 1975 465 2022; x_wconf 92' lang='lat' dir='ltr'>sunt</span> <span class='ocrx_word' id='word_1_79' title='bbox 485 1977 584 2042; x_wconf 85' lang='lat' dir='ltr'>aperta</span> <span class='ocrx_word' id='word_1_80' title='bbox 596 1975 625 2021; x_wconf 89' lang='lat' dir='ltr'>et</span> 
     </span>
     <span class='ocr_line' id='line_1_16' title="bbox 67 2038 625 2122; baseline 0.016 -29"><span class='ocrx_word' id='word_1_81' title='bbox 67 2038 246 2113; x_wconf 86' lang='lat' dir='ltr'>indubitata,</span> <span class='ocrx_word' id='word_1_82' title='bbox 271 2042 339 2099; x_wconf 72' lang='lat' dir='ltr'>uti</span> <span class='ocrx_word' id='word_1_83' title='bbox 362 2044 484 2102; x_wconf 88' lang='lat' dir='ltr'>librariis</span> <span class='ocrx_word' id='word_1_84' title='bbox 507 2064 625 2122; x_wconf 90' lang='lat' dir='ltr'>corrup·</span> 
     </span>
     <span class='ocr_line' id='line_1_17' title="bbox 68 2122 624 2192; baseline 0.011 -17"><span class='ocrx_word' id='word_1_85' title='bbox 68 2129 129 2177; x_wconf 88' lang='lat' dir='ltr'>tum</span> <span class='ocrx_word' id='word_1_86' title='bbox 142 2123 310 2180; x_wconf 79' lang='lat' dir='ltr'>existimem</span> <span class='ocrx_word' id='word_1_87' title='bbox 326 2122 424 2181; x_wconf 90' lang='lat' dir='ltr'>locum</span> <span class='ocrx_word' id='word_1_88' title='bbox 433 2125 529 2192; x_wconf 87' lang='lat' dir='ltr'>Plinii,</span> <span class='ocrx_word' id='word_1_89' title='bbox 541 2145 624 2183; x_wconf 77' lang='lat' dir='ltr'>xxx.</span> 
     </span>
     <span class='ocr_line' id='line_1_18' title="bbox 73 2201 626 2281; baseline 0.005 -23"><span class='ocrx_word' id='word_1_90' title='bbox 73 2208 98 2257; x_wconf 93' lang='lat'>1.</span> <span class='ocrx_word' id='word_1_91' title='bbox 136 2201 257 2260; x_wconf 82' lang='lat' dir='ltr'>Gallias</span> <span class='ocrx_word' id='word_1_92' title='bbox 284 2204 380 2279; x_wconf 79' lang='lat' dir='ltr'>utique</span> <span class='ocrx_word' id='word_1_93' title='bbox 401 2208 527 2281; x_wconf 79' lang='lat' dir='ltr'>possedit</span> <span class='ocrx_word' id='word_1_94' title='bbox 552 2206 626 2263; x_wconf 74' lang='lat' dir='ltr'>meri</span> 
     </span>
     <span class='ocr_line' id='line_1_19' title="bbox 71 2282 627 2363; baseline 0.011 -26"><span class='ocrx_word' id='word_1_95' title='bbox 71 2284 231 2359; x_wconf 86' lang='lat' dir='ltr'>pmdigiosi</span> <span class='ocrx_word' id='word_1_96' title='bbox 246 2282 412 2354; x_wconf 72' lang='lat' dir='ltr'>celebratio,</span> <span class='ocrx_word' id='word_1_97' title='bbox 428 2295 455 2343; x_wconf 84' lang='lat' dir='ltr'>et</span> <span class='ocrx_word' id='word_1_98' title='bbox 469 2287 576 2363; x_wconf 81' lang='lat' dir='ltr'>quidem</span> <span class='ocrx_word' id='word_1_99' title='bbox 589 2288 627 2343; x_wconf 90' lang='lat' dir='ltr'>ad</span> 
     </span>
     <span class='ocr_line' id='line_1_20' title="bbox 70 2365 627 2445; baseline 0.014 -30"><span class='ocrx_word' id='word_1_100' title='bbox 70 2372 197 2421; x_wconf 86' lang='lat' dir='ltr'>nostram</span> <span class='ocrx_word' id='word_1_101' title='bbox 210 2365 380 2423; x_wconf 86' lang='lat' dir='ltr'>memoriam.</span> <span class='ocrx_word' id='word_1_102' title='bbox 401 2365 531 2445; x_wconf 82' lang='lat' dir='ltr'>Namque</span> <span class='ocrx_word' id='word_1_103' title='bbox 546 2366 627 2423; x_wconf 83' lang='lat' dir='ltr'>Tibe·</span> 
     </span>
     <span class='ocr_line' id='line_1_21' title="bbox 73 2440 627 2524; baseline 0.022 -30"><span class='ocrx_word' id='word_1_104' title='bbox 73 2440 110 2500; x_wconf 84' lang='lat' dir='ltr'>rii</span> <span class='ocrx_word' id='word_1_105' title='bbox 143 2442 271 2502; x_wconf 81' lang='lat' dir='ltr'>Casaris</span> <span class='ocrx_word' id='word_1_106' title='bbox 301 2446 479 2524; x_wconf 80' lang='lat' dir='ltr'>principatus</span> <span class='ocrx_word' id='word_1_107' title='bbox 512 2448 627 2506; x_wconf 75' lang='lat' dir='ltr'>sustulit</span> 
     </span>
     <span class='ocr_line' id='line_1_22' title="bbox 72 2519 628 2606; baseline 0.013 -28"><span class='ocrx_word' id='word_1_108' title='bbox 72 2519 204 2584; x_wconf 85' lang='lat' dir='ltr'>Druidas</span> <span class='ocrx_word' id='word_1_109' title='bbox 218 2545 325 2598; x_wconf 82' lang='lat' dir='ltr'>aarum,</span> <span class='ocrx_word' id='word_1_110' title='bbox 333 2537 359 2586; x_wconf 84' lang='lat' dir='ltr'>et</span> <span class='ocrx_word' id='word_1_111' title='bbox 371 2527 422 2586; x_wconf 85' lang='lat' dir='ltr'>loe</span> <span class='ocrx_word' id='word_1_112' title='bbox 433 2550 522 2606; x_wconf 79' lang='lat' dir='ltr'>genta</span> <span class='ocrx_word' id='word_1_113' title='bbox 534 2539 628 2587; x_wconf 81' lang='lat' dir='ltr'>uatum</span> 
     </span>
     <span class='ocr_line' id='line_1_23' title="bbox 71 2605 627 2684; baseline 0.013 -25"><span class='ocrx_word' id='word_1_114' title='bbox 71 2605 305 2682; x_wconf 76' lang='lat' dir='ltr'>medicor-umque.</span> <span class='ocrx_word' id='word_1_115' title='bbox 360 2610 444 2667; x_wconf 76' lang='lat' dir='ltr'>Forte</span> <span class='ocrx_word' id='word_1_116' title='bbox 476 2611 627 2684; x_wconf 87' lang='lat' dir='ltr'>scripserat</span> 
     </span>
    </p>

    <p class='ocr_par' dir='ltr' id='par_1_8' title="bbox 26 2681 626 4616">
     <span class='ocr_line' id='line_1_24' title="bbox 66 2681 624 2767; baseline 0.018 -30"><span class='ocrx_word' id='word_1_117' title='bbox 66 2681 182 2742; x_wconf 80' lang='lat' dir='ltr'>Plinius</span> <span class='ocrx_word' id='word_1_118' title='bbox 211 2687 323 2745; x_wconf 86' lang='lat' dir='ltr'>Tiberii</span> <span class='ocrx_word' id='word_1_119' title='bbox 344 2688 457 2746; x_wconf 79' lang='lat' dir='ltr'>Claudii</span> <span class='ocrx_word' id='word_1_120' title='bbox 479 2690 624 2767; x_wconf 87' lang='lat' dir='ltr'>principa-</span> 
     </span>
     <span class='ocr_line' id='line_1_25' title="bbox 26 2761 622 2846; baseline 0.018 -29"><span class='ocrx_word' id='word_1_121' title='bbox 26 2761 30 2770; x_wconf 84' lang='lat'>&#39;</span> <span class='ocrx_word' id='word_1_122' title='bbox 73 2769 124 2832; x_wconf 86' lang='lat' dir='ltr'>tus,</span> <span class='ocrx_word' id='word_1_123' title='bbox 145 2767 192 2822; x_wconf 86' lang='lat' dir='ltr'>vel</span> <span class='ocrx_word' id='word_1_124' title='bbox 210 2767 277 2824; x_wconf 85' lang='lat' dir='ltr'>Tib.</span> <span class='ocrx_word' id='word_1_125' title='bbox 292 2766 335 2825; x_wconf 85' lang='lat' dir='ltr'>cl.</span> <span class='ocrx_word' id='word_1_126' title='bbox 349 2767 468 2826; x_wconf 70' lang='lat' dir='ltr'>Caesaris</span> <span class='ocrx_word' id='word_1_127' title='bbox 478 2771 622 2846; x_wconf 88' lang='lat' dir='ltr'>principa-</span> 
     </span>
     <span class='ocr_line' id='line_1_26' title="bbox 74 2847 623 2908; baseline 0.022 -12"><span class='ocrx_word' id='word_1_128' title='bbox 74 2849 126 2900; x_wconf 85' lang='lat' dir='ltr'>tus.</span> <span class='ocrx_word' id='word_1_129' title='bbox 182 2849 260 2906; x_wconf 89' lang='lat' dir='ltr'>Haec</span> <span class='ocrx_word' id='word_1_130' title='bbox 286 2847 443 2906; x_wconf 85' lang='lat' dir='ltr'>inhumana</span> <span class='ocrx_word' id='word_1_131' title='bbox 469 2850 623 2908; x_wconf 89' lang='lat' dir='ltr'>Gallorum</span> 
     </span>
     <span class='ocr_line' id='line_1_27' title="bbox 72 2926 626 3005; baseline 0.018 -27"><span class='ocrx_word' id='word_1_132' title='bbox 72 2939 160 2996; x_wconf 76' lang='lat' dir='ltr'>sacra,</span> <span class='ocrx_word' id='word_1_133' title='bbox 174 2929 242 3004; x_wconf 92' lang='lat' dir='ltr'>qui,</span> <span class='ocrx_word' id='word_1_134' title='bbox 256 2926 349 2985; x_wconf 86' lang='lat' dir='ltr'>affecti</span> <span class='ocrx_word' id='word_1_135' title='bbox 362 2929 536 3005; x_wconf 79' lang='lat' dir='ltr'>gravioribus</span> <span class='ocrx_word' id='word_1_136' title='bbox 549 2951 626 2988; x_wconf 89' lang='lat' dir='ltr'>mor-</span> 
     </span>
     <span class='ocr_line' id='line_1_28' title="bbox 75 3001 624 3087; baseline 0.022 -31"><span class='ocrx_word' id='word_1_137' title='bbox 75 3001 124 3075; x_wconf 88' lang='lat' dir='ltr'>bis,</span> <span class='ocrx_word' id='word_1_138' title='bbox 138 3007 183 3064; x_wconf 87' lang='lat' dir='ltr'>vel</span> <span class='ocrx_word' id='word_1_139' title='bbox 198 3009 230 3066; x_wconf 89' lang='lat' dir='ltr'>in</span> <span class='ocrx_word' id='word_1_140' title='bbox 243 3009 350 3085; x_wconf 72' lang='lat' dir='ltr'>praliis</span> <span class='ocrx_word' id='word_1_141' title='bbox 368 3029 403 3066; x_wconf 90' lang='lat' dir='ltr'>ae</span> <span class='ocrx_word' id='word_1_142' title='bbox 417 3010 552 3087; x_wconf 89' lang='lat' dir='ltr'>perieulis</span> <span class='ocrx_word' id='word_1_143' title='bbox 563 3031 624 3068; x_wconf 83' lang='lat' dir='ltr'>uer-</span> 
     </span>
     <span class='ocr_line' id='line_1_29' title="bbox 75 3089 625 3165; baseline 0.022 -28"><span class='ocrx_word' id='word_1_144' title='bbox 75 3093 173 3158; x_wconf 82' lang='lat' dir='ltr'>santes,</span> <span class='ocrx_word' id='word_1_145' title='bbox 187 3109 242 3165; x_wconf 92' lang='lat' dir='ltr'>pro</span> <span class='ocrx_word' id='word_1_146' title='bbox 253 3089 377 3147; x_wconf 86' lang='lat' dir='ltr'>victimis</span> <span class='ocrx_word' id='word_1_147' title='bbox 385 3089 511 3149; x_wconf 89' lang='lat' dir='ltr'>homiues</span> <span class='ocrx_word' id='word_1_148' title='bbox 524 3093 625 3149; x_wconf 89' lang='lat' dir='ltr'>immo-</span> 
     </span>
     <span class='ocr_line' id='line_1_30' title="bbox 74 3157 625 3244; baseline 0.031 -29"><span class='ocrx_word' id='word_1_149' title='bbox 74 3157 141 3235; x_wconf 88' lang='lat' dir='ltr'>lant,</span> <span class='ocrx_word' id='word_1_150' title='bbox 164 3168 302 3244; x_wconf 91' lang='lat' dir='ltr'>pluribus</span> <span class='ocrx_word' id='word_1_151' title='bbox 324 3185 449 3229; x_wconf 81' lang='lat' dir='ltr'>recenset</span> <span class='ocrx_word' id='word_1_152' title='bbox 474 3174 570 3230; x_wconf 81' lang='lat' dir='ltr'>Caesar</span> <span class='ocrx_word' id='word_1_153' title='bbox 589 3173 625 3232; x_wconf 91' lang='lat' dir='ltr'>de</span> 
     </span>
     <span class='ocr_line' id='line_1_31' title="bbox 76 3239 624 3330; baseline 0.026 -32"><span class='ocrx_word' id='word_1_154' title='bbox 76 3239 146 3330; x_wconf 74' lang='lat' dir='ltr'>llell.</span> <span class='ocrx_word' id='word_1_155' title='bbox 173 3248 245 3306; x_wconf 90' lang='lat' dir='ltr'>Gal.</span> <span class='ocrx_word' id='word_1_156' title='bbox 270 3267 317 3309; x_wconf 76' lang='lat' dir='ltr'>vn</span> <span class='ocrx_word' id='word_1_157' title='bbox 341 3259 388 3310; x_wconf 88' lang='lat'>15.</span> <span class='ocrx_word' id='word_1_158' title='bbox 444 3253 538 3322; x_wconf 83' lang='lat' dir='ltr'>Quod·</span> <span class='ocrx_word' id='word_1_159' title='bbox 558 3255 624 3312; x_wconf 84' lang='lat' dir='ltr'>verd</span> 
     </span>
     <span class='ocr_line' id='line_1_32' title="bbox 76 3326 625 3410; baseline 0.029 -33"><span class='ocrx_word' id='word_1_160' title='bbox 76 3326 243 3410; x_wconf 66' lang='lat' dir='ltr'>incredibile</span> <span class='ocrx_word' id='word_1_161' title='bbox 264 3329 416 3404; x_wconf 88' lang='lat' dir='ltr'>videretur,</span> <span class='ocrx_word' id='word_1_162' title='bbox 430 3333 461 3390; x_wconf 90' lang='lat' dir='ltr'>ni</span> <span class='ocrx_word' id='word_1_163' title='bbox 482 3334 625 3410; x_wconf 73' lang='lat' dir='ltr'>quantum</span> 
     </span>
     <span class='ocr_line' id='line_1_33' title="bbox 79 3404 626 3493; baseline 0.02 -31"><span class='ocrx_word' id='word_1_164' title='bbox 79 3419 108 3493; x_wconf 57' lang='grc' dir='ltr'>ιῐιο</span> <span class='ocrx_word' id='word_1_165' title='bbox 126 3404 278 3468; x_wconf 90' lang='lat' dir='ltr'>hominum</span> <span class='ocrx_word' id='word_1_166' title='bbox 297 3413 406 3470; x_wconf 86' lang='lat' dir='ltr'>animos</span> <span class='ocrx_word' id='word_1_167' title='bbox 419 3414 512 3472; x_wconf 84' lang='lat' dir='ltr'>valeat</span> <span class='ocrx_word' id='word_1_168' title='bbox 528 3434 626 3492; x_wconf 88' lang='lat' dir='ltr'>super·</span> 
     </span>
     <span class='ocr_line' id='line_1_34' title="bbox 78 3486 626 3570; baseline 0.029 -33"><span class='ocrx_word' id='word_1_169' title='bbox 78 3486 160 3559; x_wconf 82' lang='lat' dir='ltr'>sntio,</span> <span class='ocrx_word' id='word_1_170' title='bbox 177 3489 335 3549; x_wconf 85' lang='lat' dir='ltr'>innumeris</span> <span class='ocrx_word' id='word_1_171' title='bbox 348 3513 383 3551; x_wconf 90' lang='lat' dir='ltr'>ac</span> <span class='ocrx_word' id='word_1_172' title='bbox 396 3497 565 3570; x_wconf 88' lang='lat' dir='ltr'>portentosis</span> <span class='ocrx_word' id='word_1_173' title='bbox 576 3515 626 3552; x_wconf 77' lang='lat' dir='ltr'>ex-</span> 
     </span>
     <span class='ocr_line' id='line_1_35' title="bbox 79 3567 625 3654; baseline 0.015 -30"><span class='ocrx_word' id='word_1_174' title='bbox 79 3567 175 3654; x_wconf 68' lang='lat' dir='ltr'>emplis</span> <span class='ocrx_word' id='word_1_175' title='bbox 189 3571 264 3630; x_wconf 87' lang='lat' dir='ltr'>foret</span> <span class='ocrx_word' id='word_1_176' title='bbox 276 3588 467 3650; x_wconf 86' lang='lat' dir='ltr'>compertum,</span> <span class='ocrx_word' id='word_1_177' title='bbox 488 3577 556 3633; x_wconf 83' lang='lat' dir='ltr'>edm</span> <span class='ocrx_word' id='word_1_178' title='bbox 573 3576 625 3632; x_wconf 92' lang='lat' dir='ltr'>ho·</span> 
     </span>
     <span class='ocr_line' id='line_1_36' title="bbox 79 3654 624 3725; baseline 0.031 -27"><span class='ocrx_word' id='word_1_179' title='bbox 79 3658 163 3720; x_wconf 71' lang='lat' dir='ltr'>mines</span> <span class='ocrx_word' id='word_1_180' title='bbox 176 3654 310 3710; x_wconf 87' lang='lat' dir='ltr'>occidere</span> <span class='ocrx_word' id='word_1_181' title='bbox 322 3674 379 3711; x_wconf 89' lang='lat' dir='ltr'>non</span> <span class='ocrx_word' id='word_1_182' title='bbox 392 3655 487 3725; x_wconf 91' lang='lat' dir='ltr'>licuit,</span> <span class='ocrx_word' id='word_1_183' title='bbox 496 3657 624 3714; x_wconf 87' lang='lat' dir='ltr'>humano</span> 
     </span>
     <span class='ocr_line' id='line_1_37' title="bbox 79 3723 623 3814; baseline 0.037 -39"><span class='ocrx_word' id='word_1_184' title='bbox 79 3723 173 3788; x_wconf 83' lang='lat' dir='ltr'>saltem</span> <span class='ocrx_word' id='word_1_185' title='bbox 181 3733 320 3812; x_wconf 85' lang='lat' dir='ltr'>sanguine</span> <span class='ocrx_word' id='word_1_186' title='bbox 328 3755 391 3793; x_wconf 87' lang='lat' dir='ltr'>aras</span> <span class='ocrx_word' id='word_1_187' title='bbox 400 3737 532 3813; x_wconf 88' lang='lat' dir='ltr'>proluere</span> <span class='ocrx_word' id='word_1_188' title='bbox 534 3738 623 3814; x_wconf 84' lang='lat' dir='ltr'>juvit.</span> 
     </span>
     <span class='ocr_line' id='line_1_38' title="bbox 82 3799 625 3895; baseline 0.024 -33"><span class='ocrx_word' id='word_1_189' title='bbox 82 3799 143 3864; x_wconf 85' lang='lat' dir='ltr'>Hoc</span> <span class='ocrx_word' id='word_1_190' title='bbox 156 3811 241 3872; x_wconf 88' lang='lat' dir='ltr'>docet</span> <span class='ocrx_word' id='word_1_191' title='bbox 249 3815 353 3872; x_wconf 87' lang='lat' dir='ltr'>horum</span> <span class='ocrx_word' id='word_1_192' title='bbox 363 3826 526 3894; x_wconf 90' lang='lat' dir='ltr'>temporum</span> <span class='ocrx_word' id='word_1_193' title='bbox 534 3819 625 3895; x_wconf 88' lang='lat' dir='ltr'>scrip·</span> 
     </span>
     <span class='ocr_line' id='line_1_39' title="bbox 82 3887 624 3973; baseline 0.02 -28"><span class='ocrx_word' id='word_1_194' title='bbox 82 3887 122 3940; x_wconf 81' lang='lat' dir='ltr'>tor</span> <span class='ocrx_word' id='word_1_195' title='bbox 143 3889 254 3968; x_wconf 80' lang='lat' dir='ltr'>elegans</span> <span class='ocrx_word' id='word_1_196' title='bbox 275 3897 452 3973; x_wconf 88' lang='lat' dir='ltr'>Pomponius</span> <span class='ocrx_word' id='word_1_197' title='bbox 467 3899 558 3968; x_wconf 88' lang='lat' dir='ltr'>Mela,</span> <span class='ocrx_word' id='word_1_198' title='bbox 571 3916 624 3964; x_wconf 75' lang='lat'>111.</span> 
     </span>
     <span class='ocr_line' id='line_1_40' title="bbox 83 3965 625 4056; baseline 0.026 -32"><span class='ocrx_word' id='word_1_199' title='bbox 83 3965 110 4018; x_wconf 73' lang='lat'>2·</span> <span class='ocrx_word' id='word_1_200' title='bbox 130 3968 279 4034; x_wconf 90' lang='lat' dir='ltr'>Gallorum</span> <span class='ocrx_word' id='word_1_201' title='bbox 302 3985 401 4054; x_wconf 82' lang='lat' dir='ltr'>gentes</span> <span class='ocrx_word' id='word_1_202' title='bbox 421 3979 554 4056; x_wconf 77' lang='lat' dir='ltr'>superba,</span> <span class='ocrx_word' id='word_1_203' title='bbox 579 3999 625 4038; x_wconf 88' lang='lat' dir='ltr'>su·</span> 
     </span>
     <span class='ocr_line' id='line_1_41' title="bbox 80 4051 625 4135; baseline 0.022 -32"><span class='ocrx_word' id='word_1_204' title='bbox 80 4051 252 4124; x_wconf 73' lang='lat' dir='ltr'>perstitiose,</span> <span class='ocrx_word' id='word_1_205' title='bbox 285 4057 434 4135; x_wconf 75' lang='lat' dir='ltr'>aliquandi</span> <span class='ocrx_word' id='word_1_206' title='bbox 468 4059 551 4116; x_wconf 87' lang='lat' dir='ltr'>etiam</span> <span class='ocrx_word' id='word_1_207' title='bbox 574 4060 625 4128; x_wconf 76' lang='lat' dir='ltr'>ips-</span> 
     </span>
     <span class='ocr_line' id='line_1_42' title="bbox 86 4135 624 4218; baseline 0.02 -33"><span class='ocrx_word' id='word_1_208' title='bbox 86 4138 178 4218; x_wconf 72' lang='lat' dir='ltr'>maaes,</span> <span class='ocrx_word' id='word_1_209' title='bbox 191 4135 257 4193; x_wconf 80' lang='lat' dir='ltr'>adab</span> <span class='ocrx_word' id='word_1_210' title='bbox 265 4145 296 4195; x_wconf 93' lang='lat' dir='ltr'>ut</span> <span class='ocrx_word' id='word_1_211' title='bbox 306 4139 437 4196; x_wconf 80' lang='lat' dir='ltr'>laminam</span> <span class='ocrx_word' id='word_1_212' title='bbox 453 4139 584 4216; x_wconf 88' lang='lat' dir='ltr'>optimam</span> <span class='ocrx_word' id='word_1_213' title='bbox 596 4149 624 4196; x_wconf 85' lang='lat' dir='ltr'>et</span> 
     </span>
     <span class='ocr_line' id='line_1_43' title="bbox 84 4211 625 4277; baseline 0.006 -3"><span class='ocrx_word' id='word_1_214' title='bbox 84 4211 264 4274; x_wconf 73' lang='lat' dir='ltr'>gratissimam</span> <span class='ocrx_word' id='word_1_215' title='bbox 284 4217 352 4276; x_wconf 87' lang='lat' dir='ltr'>Diis</span> <span class='ocrx_word' id='word_1_216' title='bbox 379 4219 520 4277; x_wconf 78' lang='lat' dir='ltr'>uictimam</span> <span class='ocrx_word' id='word_1_217' title='bbox 541 4220 625 4277; x_wconf 84' lang='lat' dir='ltr'>cude-</span> 
     </span>
     <span class='ocr_line' id='line_1_44' title="bbox 86 4294 625 4379; baseline 0.015 -29"><span class='ocrx_word' id='word_1_218' title='bbox 86 4294 154 4372; x_wconf 63' lang='lat' dir='ltr'>fftl·</span> <span class='ocrx_word' id='word_1_219' title='bbox 201 4294 321 4356; x_wconf 87' lang='lat' dir='ltr'>Manent</span> <span class='ocrx_word' id='word_1_220' title='bbox 345 4301 467 4378; x_wconf 85' lang='lat' dir='ltr'>vestigia</span> <span class='ocrx_word' id='word_1_221' title='bbox 488 4299 625 4379; x_wconf 84' lang='lat' dir='ltr'>feritatis</span> 
     </span>
     <span class='ocr_line' id='line_1_45' title="bbox 82 4371 626 4457; baseline 0.026 -33"><span class='ocrx_word' id='word_1_222' title='bbox 82 4371 275 4455; x_wconf 65' lang='lat' dir='ltr'>satiabiliter,</span> <span class='ocrx_word' id='word_1_223' title='bbox 297 4389 380 4457; x_wconf 79' lang='lat' dir='ltr'>atque</span> <span class='ocrx_word' id='word_1_224' title='bbox 400 4389 430 4438; x_wconf 92' lang='lat' dir='ltr'>ut</span> <span class='ocrx_word' id='word_1_225' title='bbox 458 4382 493 4438; x_wconf 91' lang='lat' dir='ltr'>ab</span> <span class='ocrx_word' id='word_1_226' title='bbox 519 4379 626 4439; x_wconf 88' lang='lat' dir='ltr'>ultimis</span> 
     </span>
     <span class='ocr_line' id='line_1_46' title="bbox 89 4445 624 4535; baseline 0.022 -27"><span class='ocrx_word' id='word_1_227' title='bbox 89 4445 197 4532; x_wconf 50' lang='lat' dir='ltr'>“titius</span> <span class='ocrx_word' id='word_1_228' title='bbox 211 4464 373 4535; x_wconf 83' lang='lat' dir='ltr'>temperant,</span> <span class='ocrx_word' id='word_1_229' title='bbox 381 4461 424 4518; x_wconf 90' lang='lat' dir='ltr'>ita</span> <span class='ocrx_word' id='word_1_230' title='bbox 435 4459 624 4534; x_wconf 78' lang='lat' dir='ltr'>nibilomintls,</span> 
     </span>
     <span class='ocr_line' id='line_1_47' title="bbox 89 4519 626 4616; baseline 0.05 -41"><span class='ocrx_word' id='word_1_231' title='bbox 89 4519 131 4579; x_wconf 74' lang='lat' dir='ltr'>st·</span> <span class='ocrx_word' id='word_1_232' title='bbox 143 4527 252 4598; x_wconf 83' lang='lat' dir='ltr'>devotas</span> <span class='ocrx_word' id='word_1_233' title='bbox 263 4541 401 4601; x_wconf 81' lang='lat' dir='ltr'>altaribus</span> <span class='ocrx_word' id='word_1_234' title='bbox 412 4538 569 4616; x_wconf 72' lang='lat' dir='ltr'>admovire,</span> <span class='ocrx_word' id='word_1_235' title='bbox 580 4541 626 4602; x_wconf 83' lang='lat' dir='ltr'>de·</span> 
     </span>
    </p>
   </div>
   <div class='ocr_carea' id='block_1_8' title="bbox 680 1636 1289 3725">
    <p class='ocr_par' dir='ltr' id='par_1_9' title="bbox 680 1636 1289 2847">
     <span class='ocr_line' id='line_1_48' title="bbox 681 1636 1230 1716; baseline -0.004 -17"><span class='ocrx_word' id='word_1_236' title='bbox 681 1643 781 1700; x_wconf 83' lang='lat' dir='ltr'>libant.</span> <span class='ocrx_word' id='word_1_237' title='bbox 803 1641 891 1699; x_wconf 90' lang='lat' dir='ltr'>Melae</span> <span class='ocrx_word' id='word_1_238' title='bbox 905 1640 1080 1716; x_wconf 87' lang='lat' dir='ltr'>interpretes,</span> <span class='ocrx_word' id='word_1_239' title='bbox 1094 1636 1230 1715; x_wconf 83' lang='lat' dir='ltr'>temporis</span> 
     </span>
     <span class='ocr_line' id='line_1_49' title="bbox 681 1719 1232 1799; baseline -0.005 -19"><span class='ocrx_word' id='word_1_240' title='bbox 681 1742 740 1799; x_wconf 89' lang='lat' dir='ltr'>quo</span> <span class='ocrx_word' id='word_1_241' title='bbox 761 1722 904 1799; x_wconf 85' lang='lat' dir='ltr'>scripserit</span> <span class='ocrx_word' id='word_1_242' title='bbox 923 1720 1070 1792; x_wconf 88' lang='lat' dir='ltr'>incuriosi,</span> <span class='ocrx_word' id='word_1_243' title='bbox 1092 1719 1187 1777; x_wconf 81' lang='lat' dir='ltr'>inulta</span> <span class='ocrx_word' id='word_1_244' title='bbox 1201 1722 1232 1778; x_wconf 89' lang='lat' dir='ltr'>in</span> 
     </span>
     <span class='ocr_line' id='line_1_50' title="bbox 681 1802 1233 1879; baseline -0.004 -18"><span class='ocrx_word' id='word_1_245' title='bbox 681 1805 725 1861; x_wconf 89' lang='lat' dir='ltr'>his</span> <span class='ocrx_word' id='word_1_246' title='bbox 739 1802 914 1861; x_wconf 79' lang='lat' dir='ltr'>illustrandis</span> <span class='ocrx_word' id='word_1_247' title='bbox 931 1808 1094 1879; x_wconf 83' lang='lat' dir='ltr'>peccavere.</span> <span class='ocrx_word' id='word_1_248' title='bbox 1130 1802 1233 1879; x_wconf 85' lang='lat' dir='ltr'>Perpe-</span> 
     </span>
     <span class='ocr_line' id='line_1_51' title="bbox 680 1881 1234 1961; baseline -0.005 -18"><span class='ocrx_word' id='word_1_249' title='bbox 680 1904 742 1943; x_wconf 89' lang='lat' dir='ltr'>ram</span> <span class='ocrx_word' id='word_1_250' title='bbox 763 1884 838 1941; x_wconf 89' lang='lat' dir='ltr'>enim</span> <span class='ocrx_word' id='word_1_251' title='bbox 853 1882 990 1940; x_wconf 88' lang='lat' dir='ltr'>Schottus</span> <span class='ocrx_word' id='word_1_252' title='bbox 1012 1882 1143 1940; x_wconf 87' lang='lat' dir='ltr'>abolitam</span> <span class='ocrx_word' id='word_1_253' title='bbox 1154 1881 1234 1961; x_wconf 84' lang='lat' dir='ltr'>seri·</span> 
     </span>
     <span class='ocr_line' id='line_1_52' title="bbox 682 1958 1230 2033; baseline -0.009 -10"><span class='ocrx_word' id='word_1_254' title='bbox 682 1974 769 2023; x_wconf 86' lang='lat' dir='ltr'>tatem</span> <span class='ocrx_word' id='word_1_255' title='bbox 793 1965 830 2021; x_wconf 89' lang='lat' dir='ltr'>ad</span> <span class='ocrx_word' id='word_1_256' title='bbox 856 1967 894 2021; x_wconf 91' lang='lat' dir='ltr'>A.</span> <span class='ocrx_word' id='word_1_257' title='bbox 915 1963 951 2019; x_wconf 94' lang='lat' dir='ltr'>U.</span> <span class='ocrx_word' id='word_1_258' title='bbox 977 1963 1012 2020; x_wconf 90' lang='lat' dir='ltr'>C.</span> <span class='ocrx_word' id='word_1_259' title='bbox 1028 1958 1096 2027; x_wconf 86' lang='lat'>657.</span> <span class='ocrx_word' id='word_1_260' title='bbox 1121 1961 1230 2033; x_wconf 89' lang='lat' dir='ltr'>retulit,</span> 
     </span>
     <span class='ocr_line' id='line_1_53' title="bbox 683 2042 1233 2131; baseline -0.007 -28"><span class='ocrx_word' id='word_1_261' title='bbox 683 2046 751 2103; x_wconf 81' lang='lat' dir='ltr'>edm</span> <span class='ocrx_word' id='word_1_262' title='bbox 760 2044 1037 2114; x_wconf 83' lang='lat' dir='ltr'>senatusconsultum,</span> <span class='ocrx_word' id='word_1_263' title='bbox 1049 2052 1117 2101; x_wconf 89' lang='lat' dir='ltr'>teste</span> <span class='ocrx_word' id='word_1_264' title='bbox 1128 2042 1233 2131; x_wconf 77' lang='lat' dir='ltr'>Plinip,</span> 
     </span>
     <span class='ocr_line' id='line_1_54' title="bbox 685 2123 1233 2204; baseline -0.002 -21"><span class='ocrx_word' id='word_1_265' title='bbox 685 2145 768 2183; x_wconf 83' lang='lat' dir='ltr'>xxx.</span> <span class='ocrx_word' id='word_1_266' title='bbox 781 2126 927 2204; x_wconf 86' lang='lat' dir='ltr'>l.sactum</span> <span class='ocrx_word' id='word_1_267' title='bbox 941 2132 992 2195; x_wconf 89' lang='lat' dir='ltr'>est,</span> <span class='ocrx_word' id='word_1_268' title='bbox 1006 2144 1039 2181; x_wconf 84' lang='lat' dir='ltr'>ne</span> <span class='ocrx_word' id='word_1_269' title='bbox 1054 2123 1233 2182; x_wconf 84' lang='lat' dir='ltr'>lomoimma·</span> 
     </span>
     <span class='ocr_line' id='line_1_55' title="bbox 682 2204 1234 2280; baseline -0.002 -16"><span class='ocrx_word' id='word_1_270' title='bbox 682 2206 802 2264; x_wconf 76' lang='lat' dir='ltr'>leretur.</span> <span class='ocrx_word' id='word_1_271' title='bbox 834 2204 970 2263; x_wconf 89' lang='lat' dir='ltr'>Romanis</span> <span class='ocrx_word' id='word_1_272' title='bbox 993 2204 1121 2260; x_wconf 89' lang='lat' dir='ltr'>nondum</span> <span class='ocrx_word' id='word_1_273' title='bbox 1153 2224 1234 2280; x_wconf 89' lang='lat' dir='ltr'>pare·</span> 
     </span>
     <span class='ocr_line' id='line_1_56' title="bbox 686 2282 1233 2361; baseline -0.004 -17"><span class='ocrx_word' id='word_1_274' title='bbox 686 2289 755 2345; x_wconf 87' lang='lat' dir='ltr'>bant</span> <span class='ocrx_word' id='word_1_275' title='bbox 781 2286 896 2344; x_wconf 85' lang='lat' dir='ltr'>Galliae.</span> <span class='ocrx_word' id='word_1_276' title='bbox 939 2282 1094 2341; x_wconf 82' lang='lat' dir='ltr'>Infelieiter</span> <span class='ocrx_word' id='word_1_277' title='bbox 1115 2303 1233 2361; x_wconf 82' lang='lat' dir='ltr'>quoque</span> 
     </span>
     <span class='ocr_line' id='line_1_57' title="bbox 684 2364 1233 2444; baseline -0.004 -19"><span class='ocrx_word' id='word_1_278' title='bbox 684 2388 737 2444; x_wconf 92' lang='lat' dir='ltr'>pro</span> <span class='ocrx_word' id='word_1_279' title='bbox 755 2368 861 2425; x_wconf 88' lang='lat' dir='ltr'>ultimis</span> <span class='ocrx_word' id='word_1_280' title='bbox 879 2365 996 2424; x_wconf 81' lang='lat' dir='ltr'>cudibus</span> <span class='ocrx_word' id='word_1_281' title='bbox 1016 2364 1164 2422; x_wconf 87' lang='lat' dir='ltr'>emendare</span> <span class='ocrx_word' id='word_1_282' title='bbox 1184 2385 1233 2423; x_wconf 84' lang='lat' dir='ltr'>vo·</span> 
     </span>
     <span class='ocr_line' id='line_1_58' title="bbox 685 2444 1289 2507; baseline 0 -2"><span class='ocrx_word' id='word_1_283' title='bbox 685 2448 746 2506; x_wconf 86' lang='lat' dir='ltr'>luit·</span> <span class='ocrx_word' id='word_1_284' title='bbox 772 2446 922 2507; x_wconf 83' lang='lat' dir='ltr'>Piniiauus</span> <span class='ocrx_word' id='word_1_285' title='bbox 952 2444 1077 2504; x_wconf 79' lang='lat' dir='ltr'>humanis</span> <span class='ocrx_word' id='word_1_286' title='bbox 1105 2446 1235 2506; x_wconf 82' lang='lat' dir='ltr'>cudibus.</span> <span class='ocrx_word' id='word_1_287' title='bbox 1287 2499 1289 2505; x_wconf 83' lang='lat'>.</span> 
     </span>
     <span class='ocr_line' id='line_1_59' title="bbox 686 2527 1233 2602; baseline -0.004 -15"><span class='ocrx_word' id='word_1_288' title='bbox 686 2531 761 2598; x_wconf 75' lang='lat' dir='ltr'>Quae</span> <span class='ocrx_word' id='word_1_289' title='bbox 781 2531 818 2587; x_wconf 89' lang='lat' dir='ltr'>sit</span> <span class='ocrx_word' id='word_1_290' title='bbox 835 2529 902 2586; x_wconf 87' lang='lat' dir='ltr'>satis</span> <span class='ocrx_word' id='word_1_291' title='bbox 915 2527 1067 2600; x_wconf 77' lang='lat' dir='ltr'>monuisse,</span> <span class='ocrx_word' id='word_1_292' title='bbox 1085 2536 1119 2584; x_wconf 90' lang='lat' dir='ltr'>ut</span> <span class='ocrx_word' id='word_1_293' title='bbox 1131 2528 1233 2602; x_wconf 90' lang='lat' dir='ltr'>quanti</span> 
     </span>
     <span class='ocr_line' id='line_1_60' title="bbox 684 2607 1234 2685; baseline -0.005 -19"><span class='ocrx_word' id='word_1_294' title='bbox 684 2612 719 2668; x_wconf 88' lang='lat' dir='ltr'>sit</span> <span class='ocrx_word' id='word_1_295' title='bbox 744 2613 772 2668; x_wconf 91' lang='lat' dir='ltr'>in</span> <span class='ocrx_word' id='word_1_296' title='bbox 792 2608 967 2667; x_wconf 87' lang='lat' dir='ltr'>illustrandis</span> <span class='ocrx_word' id='word_1_297' title='bbox 989 2618 1114 2664; x_wconf 91' lang='lat' dir='ltr'>veterum</span> <span class='ocrx_word' id='word_1_298' title='bbox 1137 2607 1234 2685; x_wconf 88' lang='lat' dir='ltr'>Scrip-</span> 
     </span>
     <span class='ocr_line' id='line_1_61' title="bbox 684 2687 1233 2767; baseline -0.002 -19"><span class='ocrx_word' id='word_1_299' title='bbox 684 2699 780 2748; x_wconf 90' lang='lat' dir='ltr'>torum</span> <span class='ocrx_word' id='word_1_300' title='bbox 808 2691 942 2767; x_wconf 85' lang='lat' dir='ltr'>operibus</span> <span class='ocrx_word' id='word_1_301' title='bbox 965 2699 1127 2766; x_wconf 90' lang='lat' dir='ltr'>temporum</span> <span class='ocrx_word' id='word_1_302' title='bbox 1160 2687 1233 2747; x_wconf 86' lang='lat' dir='ltr'>ratio</span> 
     </span>
     <span class='ocr_line' id='line_1_62' title="bbox 684 2771 876 2847; baseline 0.005 -20"><span class='ocrx_word' id='word_1_303' title='bbox 684 2771 876 2847; x_wconf 80' lang='lat' dir='ltr'>dignoscatur.</span> 
     </span>
    </p>

    <p class='ocr_par' dir='ltr' id='par_1_10' title="bbox 682 2848 1240 3725">
     <span class='ocr_line' id='line_1_63' title="bbox 724 2848 1234 2929; baseline 0.002 -19"><span class='ocrx_word' id='word_1_304' title='bbox 724 2848 909 2929; x_wconf 82' lang='lat' dir='ltr'>²Ceteraque.</span> <span class='ocrx_word' id='word_1_305' title='bbox 933 2849 1234 2928; x_wconf 75' lang='lat' dir='ltr'>Interhaecinmagna</span> 
     </span>
     <span class='ocr_line' id='line_1_64' title="bbox 684 2931 1236 3012; baseline 0.004 -22"><span class='ocrx_word' id='word_1_306' title='bbox 684 2931 849 2990; x_wconf 84' lang='lat' dir='ltr'>Galliarum</span> <span class='ocrx_word' id='word_1_307' title='bbox 864 2931 940 2990; x_wconf 76' lang='lat' dir='ltr'>lami</span> <span class='ocrx_word' id='word_1_308' title='bbox 952 2941 1013 2990; x_wconf 86' lang='lat' dir='ltr'>erat</span> <span class='ocrx_word' id='word_1_309' title='bbox 1033 2952 1121 2990; x_wconf 87' lang='lat' dir='ltr'>ovam</span> <span class='ocrx_word' id='word_1_310' title='bbox 1136 2935 1236 3012; x_wconf 79' lang='lat' dir='ltr'>asigni-</span> 
     </span>
     <span class='ocr_line' id='line_1_65' title="bbox 683 3011 1236 3090; baseline 0.007 -22"><span class='ocrx_word' id='word_1_311' title='bbox 683 3032 764 3083; x_wconf 90' lang='lat' dir='ltr'>num‚</span> <span class='ocrx_word' id='word_1_312' title='bbox 786 3012 822 3070; x_wconf 91' lang='lat' dir='ltr'>de</span> <span class='ocrx_word' id='word_1_313' title='bbox 843 3033 901 3090; x_wconf 90' lang='lat' dir='ltr'>qno</span> <span class='ocrx_word' id='word_1_314' title='bbox 919 3013 988 3070; x_wconf 80' lang='lat' dir='ltr'>edm</span> <span class='ocrx_word' id='word_1_315' title='bbox 1002 3011 1095 3070; x_wconf 89' lang='lat' dir='ltr'>multa</span> <span class='ocrx_word' id='word_1_316' title='bbox 1110 3032 1236 3072; x_wconf 87' lang='lat' dir='ltr'>comme·</span> 
     </span>
     <span class='ocr_line' id='line_1_66' title="bbox 685 3091 1231 3176; baseline 0.004 -26"><span class='ocrx_word' id='word_1_317' title='bbox 685 3091 841 3176; x_wconf 65' lang='lat' dir='ltr'>mordsset,x</span> <span class='ocrx_word' id='word_1_318' title='bbox 855 3094 936 3151; x_wconf 88' lang='lat' dir='ltr'>addit</span> <span class='ocrx_word' id='word_1_319' title='bbox 950 3092 1070 3162; x_wconf 86' lang='lat' dir='ltr'>Plinius,</span> <span class='ocrx_word' id='word_1_320' title='bbox 1091 3111 1189 3151; x_wconf 78' lang='lat' dir='ltr'>xxix.</span> <span class='ocrx_word' id='word_1_321' title='bbox 1202 3101 1231 3154; x_wconf 86' lang='grc'>8.</span> 
     </span>
     <span class='ocr_line' id='line_1_67' title="bbox 682 3169 1234 3249; baseline 0.007 -19"><span class='ocrx_word' id='word_1_322' title='bbox 682 3187 752 3233; x_wconf 90' lang='lat' dir='ltr'>sect.</span> <span class='ocrx_word' id='word_1_323' title='bbox 774 3181 820 3233; x_wconf 77' lang='lat'>12.</span> <span class='ocrx_word' id='word_1_324' title='bbox 862 3174 928 3232; x_wconf 86' lang='lat' dir='ltr'>Vidi</span> <span class='ocrx_word' id='word_1_325' title='bbox 953 3169 1076 3249; x_wconf 84' lang='lat' dir='ltr'>equidem</span> <span class='ocrx_word' id='word_1_326' title='bbox 1100 3173 1131 3232; x_wconf 89' lang='lat' dir='ltr'>id</span> <span class='ocrx_word' id='word_1_327' title='bbox 1153 3193 1234 3234; x_wconf 82' lang='lat' dir='ltr'>ouum</span> 
     </span>
     <span class='ocr_line' id='line_1_68' title="bbox 683 3253 1236 3329; baseline 0.004 -18"><span class='ocrx_word' id='word_1_328' title='bbox 683 3255 751 3314; x_wconf 85' lang='lat' dir='ltr'>mali</span> <span class='ocrx_word' id='word_1_329' title='bbox 761 3255 911 3314; x_wconf 87' lang='lat' dir='ltr'>orbiculati</span> <span class='ocrx_word' id='word_1_330' title='bbox 922 3253 1022 3312; x_wconf 88' lang='lat' dir='ltr'>modici</span> <span class='ocrx_word' id='word_1_331' title='bbox 1034 3253 1236 3329; x_wconf 81' lang='lat' dir='ltr'>magnitudine,</span> 
     </span>
     <span class='ocr_line' id='line_1_69' title="bbox 683 3334 1235 3412; baseline 0.005 -19"><span class='ocrx_word' id='word_1_332' title='bbox 683 3335 782 3394; x_wconf 82' lang='lat' dir='ltr'>crustd</span> <span class='ocrx_word' id='word_1_333' title='bbox 795 3335 984 3412; x_wconf 85' lang='lat' dir='ltr'>cartilaginis,</span> <span class='ocrx_word' id='word_1_334' title='bbox 993 3334 1069 3392; x_wconf 84' lang='lat' dir='ltr'>eelut</span> <span class='ocrx_word' id='word_1_335' title='bbox 1082 3336 1235 3396; x_wconf 85' lang='lat' dir='ltr'>acetabulis</span> 
     </span>
     <span class='ocr_line' id='line_1_70' title="bbox 684 3415 1235 3494; baseline 0.002 -20"><span class='ocrx_word' id='word_1_336' title='bbox 684 3416 860 3476; x_wconf 81' lang='lat' dir='ltr'>brachiorum</span> <span class='ocrx_word' id='word_1_337' title='bbox 880 3415 978 3492; x_wconf 76' lang='lat' dir='ltr'>polypi</span> <span class='ocrx_word' id='word_1_338' title='bbox 992 3415 1106 3482; x_wconf 80' lang='lat' dir='ltr'>crebris,</span> <span class='ocrx_word' id='word_1_339' title='bbox 1126 3415 1235 3494; x_wconf 83' lang='lat' dir='ltr'>insigne</span> 
     </span>
     <span class='ocr_line' id='line_1_71' title="bbox 683 3489 1240 3566; baseline 0.004 -12"><span class='ocrx_word' id='word_1_340' title='bbox 683 3497 818 3556; x_wconf 83' lang='lat' dir='ltr'>Druidis.</span> <span class='ocrx_word' id='word_1_341' title='bbox 858 3493 915 3552; x_wconf 78' lang='lat' dir='ltr'>Ad&#39;</span> <span class='ocrx_word' id='word_1_342' title='bbox 929 3495 1064 3553; x_wconf 85' lang='lat' dir='ltr'>uictorias</span> <span class='ocrx_word' id='word_1_343' title='bbox 1079 3495 1180 3566; x_wconf 87' lang='lat' dir='ltr'>litium,</span> <span class='ocrx_word' id='word_1_344' title='bbox 1201 3489 1240 3556; x_wconf 65' lang='grc' dir='ltr'>αἱ</span> 
     </span>
     <span class='ocr_line' id='line_1_72' title="bbox 684 3574 1235 3654; baseline 0.004 -20"><span class='ocrx_word' id='word_1_345' title='bbox 684 3597 779 3654; x_wconf 84' lang='lat' dir='ltr'>regum</span> <span class='ocrx_word' id='word_1_346' title='bbox 789 3574 969 3648; x_wconf 63' lang='lat' dir='ltr'>rediturarum&amp;</span> <span class='ocrx_word' id='word_1_347' title='bbox 983 3575 1131 3634; x_wconf 86' lang='lat' dir='ltr'>laudatur:</span> <span class='ocrx_word' id='word_1_348' title='bbox 1148 3584 1235 3636; x_wconf 84' lang='lat' dir='ltr'>tanta</span> 
     </span>
     <span class='ocr_line' id='line_1_73' title="bbox 684 3656 1236 3725; baseline 0.002 -10"><span class='ocrx_word' id='word_1_349' title='bbox 684 3658 834 3725; x_wconf 80' lang='lat' dir='ltr'>vanitatis,</span> <span class='ocrx_word' id='word_1_350' title='bbox 855 3665 888 3714; x_wconf 88' lang='lat' dir='ltr'>ut</span> <span class='ocrx_word' id='word_1_351' title='bbox 901 3657 1046 3714; x_wconf 87' lang='lat' dir='ltr'>labantem</span> <span class='ocrx_word' id='word_1_352' title='bbox 1061 3657 1091 3725; x_wconf 75' lang='lat' dir='ltr'>id</span> <span class='ocrx_word' id='word_1_353' title='bbox 1102 3656 1130 3712; x_wconf 90' lang='lat' dir='ltr'>iu</span> <span class='ocrx_word' id='word_1_354' title='bbox 1144 3659 1193 3715; x_wconf 87' lang='lat' dir='ltr'>lite</span> <span class='ocrx_word' id='word_1_355' title='bbox 1205 3657 1236 3716; x_wconf 84' lang='lat' dir='ltr'>ia</span> 
     </span>
    </p>
   </div>
   <div class='ocr_carea' id='block_1_9' title="bbox 684 3734 1347 3814">
    <p class='ocr_par' dir='ltr' id='par_1_11' title="bbox 684 3734 1347 3814">
     <span class='ocr_line' id='line_1_74' title="bbox 684 3734 1347 3814; baseline -0.018 -18"><span class='ocrx_word' id='word_1_356' title='bbox 684 3738 748 3796; x_wconf 85' lang='lat' dir='ltr'>sinu</span> <span class='ocrx_word' id='word_1_357' title='bbox 756 3738 873 3814; x_wconf 85' lang='lat' dir='ltr'>equitem</span> <span class='ocrx_word' id='word_1_358' title='bbox 885 3737 1036 3795; x_wconf 89' lang='lat' dir='ltr'>Romanum</span> <span class='ocrx_word' id='word_1_359' title='bbox 1051 3734 1065 3790; x_wconf 78' lang='grc' dir='ltr'><em>ὲ</em></span> <span class='ocrx_word' id='word_1_360' title='bbox 1083 3735 1236 3810; x_wconf 64' lang='lat' dir='ltr'>Vocontia,</span> <span class='ocrx_word' id='word_1_361' title='bbox 1344 3779 1347 3784; x_wconf 88' lang='lat'>.</span> 
     </span>
    </p>
   </div>
   <div class='ocr_carea' id='block_1_10' title="bbox 685 3813 1266 4621">
    <p class='ocr_par' dir='ltr' id='par_1_12' title="bbox 686 3813 1235 3958">
     <span class='ocr_line' id='line_1_75' title="bbox 686 3813 1235 3878; baseline -0.002 0"><span class='ocrx_word' id='word_1_362' title='bbox 686 3819 704 3878; x_wconf 84' lang='grc' dir='ltr'><em>ὰ</em></span> <span class='ocrx_word' id='word_1_363' title='bbox 727 3818 791 3878; x_wconf 81' lang='lat' dir='ltr'>diuo</span> <span class='ocrx_word' id='word_1_364' title='bbox 805 3817 923 3876; x_wconf 83' lang='lat' dir='ltr'>Claudio</span> <span class='ocrx_word' id='word_1_365' title='bbox 945 3813 1120 3874; x_wconf 83' lang='lat' dir='ltr'>interemtum</span> <span class='ocrx_word' id='word_1_366' title='bbox 1137 3837 1191 3876; x_wconf 86' lang='lat' dir='ltr'>non</span> <span class='ocrx_word' id='word_1_367' title='bbox 1202 3821 1235 3876; x_wconf 91' lang='lat' dir='ltr'>ob</span> 
     </span>
     <span class='ocr_line' id='line_1_76' title="bbox 686 3899 874 3958; baseline 0 -2"><span class='ocrx_word' id='word_1_368' title='bbox 686 3899 874 3958; x_wconf 87' lang='lat' dir='ltr'>aliudseiam.</span> 
     </span>
    </p>

    <p class='ocr_par' dir='ltr' id='par_1_13' title="bbox 686 3974 1266 4372">
     <span class='ocr_line' id='line_1_77' title="bbox 726 3974 1266 4038; baseline 0.002 -1"><span class='ocrx_word' id='word_1_369' title='bbox 726 3974 903 4038; x_wconf 82' lang='lat' dir='ltr'>³Suetonius</span> <span class='ocrx_word' id='word_1_370' title='bbox 923 3977 1082 4038; x_wconf 85' lang='lat' dir='ltr'>Paulliuus.</span> <span class='ocrx_word' id='word_1_371' title='bbox 1108 3977 1237 4038; x_wconf 89' lang='lat' dir='ltr'>Praetorii</span> <span class='ocrx_word' id='word_1_372' title='bbox 1264 3985 1266 3992; x_wconf 80' lang='grc'>’</span> 
     </span>
     <span class='ocr_line' id='line_1_78' title="bbox 686 4059 1235 4136; baseline 0.004 -22"><span class='ocrx_word' id='word_1_373' title='bbox 686 4068 747 4117; x_wconf 83' lang='lat' dir='ltr'>erat</span> <span class='ocrx_word' id='word_1_374' title='bbox 769 4059 884 4131; x_wconf 86' lang='lat' dir='ltr'>ordinis,</span> <span class='ocrx_word' id='word_1_375' title='bbox 912 4071 981 4117; x_wconf 83' lang='lat' dir='ltr'>teste</span> <span class='ocrx_word' id='word_1_376' title='bbox 1000 4059 1104 4130; x_wconf 90' lang='lat' dir='ltr'>Dione,</span> <span class='ocrx_word' id='word_1_377' title='bbox 1127 4077 1182 4117; x_wconf 81' lang='lat' dir='ltr'>ax.</span> <span class='ocrx_word' id='word_1_378' title='bbox 1205 4080 1235 4136; x_wconf 96' lang='lat' dir='ltr'>p.</span> 
     </span>
     <span class='ocr_line' id='line_1_79' title="bbox 687 4133 1235 4218; baseline 0.007 -24"><span class='ocrx_word' id='word_1_379' title='bbox 687 4133 757 4204; x_wconf 83' lang='grc'><strong>670.</strong></span> <span class='ocrx_word' id='word_1_380' title='bbox 792 4141 838 4196; x_wconf 87' lang='lat' dir='ltr'>De</span> <span class='ocrx_word' id='word_1_381' title='bbox 852 4140 902 4197; x_wconf 92' lang='lat' dir='ltr'>illo</span> <span class='ocrx_word' id='word_1_382' title='bbox 915 4159 989 4218; x_wconf 83' lang='lat' dir='ltr'>saepe</span> <span class='ocrx_word' id='word_1_383' title='bbox 1002 4138 1113 4198; x_wconf 90' lang='lat' dir='ltr'>dictum</span> <span class='ocrx_word' id='word_1_384' title='bbox 1129 4139 1235 4198; x_wconf 86' lang='lat' dir='ltr'>Annal.</span> 
     </span>
     <span class='ocr_line' id='line_1_80' title="bbox 688 4217 1236 4298; baseline 0 -22"><span class='ocrx_word' id='word_1_385' title='bbox 688 4237 758 4277; x_wconf 79' lang='lat' dir='ltr'>xiv.</span> <span class='ocrx_word' id='word_1_386' title='bbox 780 4226 819 4287; x_wconf 78' lang='lat'>29</span> <span class='ocrx_word' id='word_1_387' title='bbox 841 4228 870 4276; x_wconf 89' lang='lat' dir='ltr'>et</span> <span class='ocrx_word' id='word_1_388' title='bbox 892 4240 951 4298; x_wconf 90' lang='lat' dir='ltr'>seq.</span> <span class='ocrx_word' id='word_1_389' title='bbox 974 4229 1003 4277; x_wconf 88' lang='lat' dir='ltr'>et</span> <span class='ocrx_word' id='word_1_390' title='bbox 1023 4221 1053 4277; x_wconf 90' lang='lat' dir='ltr'>in</span> <span class='ocrx_word' id='word_1_391' title='bbox 1076 4217 1135 4276; x_wconf 74' lang='lat' dir='ltr'>visa</span> <span class='ocrx_word' id='word_1_392' title='bbox 1153 4220 1236 4296; x_wconf 83' lang='lat' dir='ltr'>Agri·</span> 
     </span>
     <span class='ocr_line' id='line_1_81' title="bbox 686 4299 814 4372; baseline 0 -14"><span class='ocrx_word' id='word_1_393' title='bbox 686 4299 767 4372; x_wconf 82' lang='lat' dir='ltr'>eolae,</span> <span class='ocrx_word' id='word_1_394' title='bbox 783 4319 814 4358; x_wconf 88' lang='lat' dir='ltr'>v.</span> 
     </span>
    </p>

    <p class='ocr_par' dir='ltr' id='par_1_14' title="bbox 727 4376 1098 4440">
     <span class='ocr_line' id='line_1_82' title="bbox 727 4376 1098 4440; baseline -0.008 -2"><span class='ocrx_word' id='word_1_395' title='bbox 727 4376 899 4440; x_wconf 75' lang='lat' dir='ltr'>⁴AEdenron.</span> <span class='ocrx_word' id='word_1_396' title='bbox 933 4379 1098 4438; x_wconf 86' lang='lat' dir='ltr'>Plin.v.1.</span> 
     </span>
    </p>

    <p class='ocr_par' dir='ltr' id='par_1_15' title="bbox 685 4455 1235 4621">
     <span class='ocr_line' id='line_1_83' title="bbox 712 4455 1235 4521; baseline -0.008 -2"><span class='ocrx_word' id='word_1_397' title='bbox 712 4455 739 4492; x_wconf 88' lang='lat'>&#39;⁵</span> <span class='ocrx_word' id='word_1_398' title='bbox 761 4462 789 4518; x_wconf 84' lang='lat' dir='ltr'><em>A</em></span> <span class='ocrx_word' id='word_1_399' title='bbox 808 4459 876 4518; x_wconf 87' lang='lat' dir='ltr'>Caio</span> <span class='ocrx_word' id='word_1_400' title='bbox 897 4459 1015 4518; x_wconf 81' lang='lat' dir='ltr'>Cusnre.</span> <span class='ocrx_word' id='word_1_401' title='bbox 1056 4459 1097 4518; x_wconf 93' lang='lat' dir='ltr'>Ut</span> <span class='ocrx_word' id='word_1_402' title='bbox 1110 4458 1235 4521; x_wconf 73' lang='lat' dir='ltr'>diximus</span> 
     </span>
     <span class='ocr_line' id='line_1_84' title="bbox 685 4540 1079 4621; baseline -0.003 -22"><span class='ocrx_word' id='word_1_403' title='bbox 685 4540 716 4599; x_wconf 91' lang='lat' dir='ltr'>in</span> <span class='ocrx_word' id='word_1_404' title='bbox 732 4541 836 4621; x_wconf 89' lang='lat' dir='ltr'>Suppl.</span> <span class='ocrx_word' id='word_1_405' title='bbox 850 4545 926 4602; x_wconf 85' lang='lat' dir='ltr'>Ann.</span> <span class='ocrx_word' id='word_1_406' title='bbox 945 4557 1017 4600; x_wconf 79' lang='lat' dir='ltr'>vin.</span> <span class='ocrx_word' id='word_1_407' title='bbox 1030 4545 1079 4598; x_wconf 77' lang='lat'>34.</span> 
     </span>
    </p>
   </div>
   <div class='ocr_carea' id='block_1_11' title="bbox 0 0 1447 4950">
    <p class='ocr_par' dir='ltr' id='par_1_16' title="bbox 0 0 1447 4950">
     <span class='ocr_line' id='line_1_85' title="bbox 0 0 1447 4950; baseline 0 0"><span class='ocrx_word' id='word_1_408' title='bbox 0 0 1447 4950; x_wconf 95' lang='lat' dir='ltr'> </span> 
     </span>
    </p>
   </div>
  </div>
 </body>
</html>
