2859 4950
52 381 118 450 lc.
131 384 180 440 41.
370 373 482 436 nortl
503 373 613 436 NONI
634 373 876 440 ANNALIUM.
1135 391 1197 456 ⁸5!

28 515 234 638 ipercuss'ori
259 529 406 606 obtulit:
431 530 573 632 planctu
598 532 787 631 mortisque
816 531 1042 627 firmitudine,
1064 535 1195 638 siquid

28 655 29 662 ’
47 651 174 728 mulieri
196 649 422 738 credendum,
448 673 485 722 se
506 647 638 724 maritae
661 649 881 724 immanitatis
907 653 1194 754 objectorumque

46 769 222 846 criminum
231 768 409 888 ¹insontem
424 791 499 842 esse
514 783 645 842 testata.
695 768 781 868 Ejus
797 768 868 845 filia
883 768 1002 867 parieti
1017 769 1115 848 illisa.

84 1007 118 1074 9.
147 1001 247 1075 Dum
285 1001 361 1076 haec
398 1001 633 1098 patrabantur,
670 999 826 1076 nuntiata
862 1000 1016 1100 patribus
1052 1004 1190 1078 Claudii

45 1115 188 1191 fortuna.
238 1118 296 1194 Ne
313 1115 447 1190 silentio
463 1131 676 1214 augesceret,
701 1113 884 1190 confestim
910 1119 1069 1219 legavere
1085 1122 1192 1194 Vera·

45 1234 130 1308 nium
159 1249 194 1306 et
216 1233 443 1323 Brocchum,¹
469 1232 625 1307 tribunos
654 1233 777 1330 plebis,
803 1234 863 1331 qui
891 1235 1039 1310 Claudio
1068 1237 1190 1309 suade-

45 1353 141 1438 rent,²
166 1355 249 1423 “ut
276 1348 361 1424 nihil
388 1366 508 1423 contra
540 1350 681 1422 senatus
709 1351 946 1425 auctoritatem
979 1353 1190 1428 adtentaret:

48 1471 66 1504 “
85 1464 228 1563 pristina
245 1464 485 1538 dominationis
502 1465 605 1554 mala,
630 1490 709 1563 quae
726 1463 799 1562 ipse
815 1483 887 1539 erat
905 1491 998 1564 saepe
1015 1486 1192 1566 expertus,

47 1588 65 1622 “
85 1580 319 1676 meminisset,
344 1581 531 1680 malletque
547 1605 628 1653 cum
645 1581 825 1654 securitate
841 1607 880 1658 ac
898 1581 1000 1656 laude
1015 1584 1052 1656 in
1067 1587 1194 1683 repub-
1251 1634 1257 1645 ·
1274 1588 1290 1656 ’.

48 1704 66 1736 “
86 1697 155 1770 licit
170 1697 301 1787 uivere,
318 1697 426 1796 quaint
442 1721 524 1780 curn
540 1696 711 1769 dedecore
727 1715 762 1769 et
773 1697 981 1773 imminentis
997 1698 1057 1774 fati
1073 1700 1193 1774 formi-

49 1820 66 1852 “
86 1814 168 1886 dine
183 1812 354 1911 imperare
370 1814 470 1888 velle.
505 1813 773 1912 Rempublicam
789 1814 917 1888 habere
933 1816 1069 1908 milites,
1082 1811 1192 1908 amri,

48 1939 64 1973 ⁴‘
85 1948 118 2003 et
150 1929 331 2003 innumera
360 1929 517 2018 servitia;
552 1931 717 2031 quodque
744 1931 788 2002 ad
815 1929 1045 2007 defensandos
1071 1935 1191 2031 patriaej

48 2054 65 2086 “
85 2047 250 2123 libertatis
266 2046 417 2121 vindices
433 2044 590 2134 validiuS,
615 2045 782 2146 propitios
809 2045 886 2132 fore
902 2050 1014 2140 Deos,
1039 2075 1192 2147 quorum

48 2171 64 2204 ¹⁶
85 2181 138 2237 est
153 2179 249 2236 recta
264 2161 477 2262 honestaque
493 2162 620 2236 tueri.''

89 2409 148 2470 10.
174 2399 324 2470 Mntnx
349 2392 637 2493 praetorianorum
662 2414 818 2495 aspectus
834 2398 966 2498 legatos
981 2400 1189 2497 perterruit,

46 2515 191 2613 certique
219 2510 399 2586 inferiores
428 2512 500 2585 esse
530 2514 727 2587 consulares
756 2514 883 2611 copias,
914 2534 1026 2606 orant,
1053 2518 1191 2594 Claudii

43 2656 149 2729 genua
165 2628 344 2719 advoluti,³
363 2636 388 2674 ‘⁶
404 2652 450 2699 ne
463 2630 600 2705 Urbem
616 2630 710 2703 bello
727 2646 762 2701 et
777 2629 1008 2738 internecioni.
1018 2635 1189 2732 objectet:

48 2755 64 2785 “
88 2746 312 2845 siimpen'um
337 2744 498 2832 voluerit,
523 2762 636 2844 patres
665 2745 777 2835 adeat,
803 2773 883 2845 quae
909 2747 1090 2826 videantur
1115 2774 1192 2825 sua-
1276 2773 1281 2786 ‘

48 2870 65 2903 “
88 2865 186 2937 deat:
218 2858 413 2960 posthabiti
444 2878 560 2933 autem
586 2886 724 2957 semper
752 2860 884 2952 odiosi,
914 2890 1006 2961 saepe
1032 2866 1190 2946 luctuosi

47 2988 65 3021 ‘⁴
88 2979 278 3081 tyrannide,
303 2978 532 3076 principatum
558 2978 643 3052 laetis
669 2978 826 3077 auspiciis
843 2996 877 3052 et
893 2980 1020 3055 civium
1041 2985 1191 3067 benevo-

49 3104 65 3136 “
87 3096 189 3172 lentii
205 3095 330 3171 nixum
346 3092 550 3172 anteferat.''
600 3098 677 3170 lam
694 3096 875 3185 Claudius,
892 3098 1015 3171 mentis
1032 3117 1066 3171 et
1081 3098 1193 3173 consi·

47 3213 74 3287 li
88 3214 215 3315 panim
226 3214 366 3305 firmus,
391 3212 436 3287 ad
452 3211 608 3291 modesta
627 3210 830 3308 divertebat,
854 3212 918 3288 nisi
934 3214 1083 3291 militum
1099 3213 1190 3290 fero·

79 3511 262 3573 'Veranium
284 3520 311 3570 et
333 3512 498 3574 Brocchum.
540 3514 585 3573 lta
639 3516 781 3591 ignotum.
834 3513 971 3573 Occurrit
994 3514 1024 3573 in
1049 3515 1191 3573 veteribus

47 3614 83 3652 eos
106 3594 236 3672 appellat
255 3594 371 3671 Joseph.
391 3595 492 3671 Antiq.
514 3596 585 3656 Jud.
642 3594 887 3672 inscriptionibus,
899 3592 944 3658 nti
958 3597 1189 3674 videreestapud

47 3694 107 3734 nx.
119 3684 149 3735 3.
164 3694 193 3735 ιι.
207 3682 236 3733 d.
272 3676 381 3733 Eorum
394 3674 510 3734 nomina
521 3678 584 3735 silet
642 3679 812 3747 Gruterum,
826 3696 854 3753 p.
869 3672 938 3742 768.
952 3688 982 3735 et
992 3677 1081 3740 alibi:
1102 3679 1194 3752 immo

48 3756 104 3828 Dio,
126 3775 179 3815 nx.
193 3778 223 3834 p.
236 3752 306 3813 665.
349 3750 476 3813 Breviter
486 3769 583 3817 autem
642 3758 764 3817 Brocchi
772 3756 849 3834 apud
861 3758 1003 3824 Romanos
1011 3758 1192 3829 dicebantur,

48 3838 191 3895 Suetonius
212 3838 242 3895 in
261 3836 366 3894 Claud.
385 3857 415 3895 x.
456 3836 586 3896 Accitur·
642 3840 787 3916 quierant
803 3838 943 3913 producto
963 3840 1193 3899 crendentibus

48 3928 124 3993 qucet
138 3918 197 3993 ipsc
212 3918 354 3977 Claudius
371 3937 425 3993 por
444 3916 586 3977 tribunum
640 3916 869 3994 prominentibus.
902 3920 978 3977 Vide
991 3920 1129 3993 Plinium,
1143 3940 1191 3981 xt.

45 4000 120 4075 plebis
142 4000 171 4056 in
193 4000 298 4057 curium
312 3998 350 4055 ud
367 3998 509 4056 suadendo
526 4018 587 4076 qua
643 4005 692 4066 37.
713 4013 784 4057 sect.
806 3994 856 4057 60.
877 4011 907 4060 et
920 4001 1060 4074 Nonium,
1079 4021 1145 4081 cap.
1164 4011 1192 4061 l.

48 4080 207 4151 inormior,
229 4080 258 4137 ui
271 4099 300 4137 se
313 4086 339 4136 ct
359 4078 524 4137 necessitate
547 4089 588 4137 te·
643 4098 724 4139 num.
741 4087 808 4138 102.

48 4161 101 4216 aeri
119 4162 269 4237 respoudit.
310 4158 379 4217 Vim
403 4159 475 4217 banc
496 4170 524 4217 et
542 4178 589 4217 ne·
683 4157 697 4187 ²
727 4158 845 4219 Claudio
876 4161 1037 4228 tuodmcut.
1075 4162 1192 4242 Joscplt,

50 4242 194 4299 cessitatem
217 4239 342 4317 intellige
355 4240 389 4295 dc
403 4241 587 4315 praetorianis,
645 4242 701 4299 loc.
716 4241 767 4299 cit.
779 4258 859 4297 num.
873 4248 904 4299 3.

50 4322 92 4395 qui
110 4322 265 4384 Claudium
283 4319 456 4379 detinebant.
501 4321 587 4379 Porro
683 4318 819 4386 *Genua
833 4322 970 4383 advoluti.
1009 4322 1192 4402 scrupulos

50 4400 188 4465 Brocchus
210 4420 266 4462 non
281 4414 322 4461 cst
335 4420 438 4461 nomen
453 4402 589 4462 Romanis
646 4403 697 4462 cit.
711 4420 793 4461 num.
804 4409 835 4462 4.
