2859 4950
222 264 284 319 πο
626 241 972 311 SUPPLEMENTUM
1161 254 1293 337 Mic·
1306 263 1364 327 793.
1389 200 1390 205 i

222 412 312 488 caedi
327 410 504 498 interesse,
527 424 563 480 et
579 415 606 451 “
622 430 709 479 num
726 408 849 481 clausis
864 408 973 481 oculis
989 408 1107 481 adesse
1119 408 1265 482 licerer’
1277 410 1366 484 iuter-

222 554 363 629 rogans,
387 526 501 600 sta'tim
524 524 645 598 mortis
661 524 844 597 damnatus
860 542 922 597 est.
973 526 1049 597 Jam
1074 524 1245 621 supplicio
1266 528 1390 625 proni-¹

222 670 316 734 mus,
338 669 376 717 se
391 668 437 717 ex
450 640 635 738 conjuratis
646 664 758 711 unum
770 664 844 711 esse
860 638 1044 727 simulavit,
1069 640 1237 713 indicium
1254 639 1367 737 profes
1389 648 1390 711 ἶ

223 764 308 835 sits-¹
359 764 410 831 At
443 756 607 843 laetitiam,
641 756 734 826 novi
768 755 1040 827 occidendorum
1072 782 1134 852 spe
1168 757 1367 855 gliscentem,

225 876 296 951 cito
323 873 496 970 repressit,
520 872 608 943 cum
623 888 782 943 auctores
798 872 974 967 ducesque
1000 873 1246 971 conjurationis
1270 856 1390 970 appell

225 994 312 1065 laret
327 988 495 1084 Principis
519 986 701 1058 libidinum
726 985 912 1075 ministros,
937 987 1047 1059 Urbis
1071 990 1367 1085 praetoriarumque

225 1106 424 1183 cohortium
452 1100 649 1200 praefectos,
687 1100 895 1176 Callistum*
923 1128 969 1173 ex
999 1103 1129 1177 libertis
1159 1106 1368 1190 mosomum,

226 1226 406 1322 ipsamque
440 1218 516 1292 caii
549 1240 698 1289 uxorem
733 1218 941 1291 Caesoniam.
993 1218 1164 1309 Libertas,
1206 1219 1368 1292 mendacio

225 1355 402 1436 corrupta,
418 1334 503 1407 nihil
516 1334 634 1430 patriae
650 1330 802 1429 profuit:
832 1333 991 1430 Capitoni
1007 1354 1190 1432 promtum
1206 1361 1246 1409 ac
1259 1338 1369 1407 durum

227 1456 308 1530 vitae
324 1453 458 1527 exitum
473 1450 608 1524 adtulit.
1389 1468 1390 1483 ¹

276 1697 338 1767 47.
364 1690 563 1761 Primores
587 1687 689 1776 verb,
713 1712 820 1785 quem
847 1685 1066 1774 conscientia,
1091 1686 1267 1759 scelerum
1294 1682 1368 1755 tertis

229 1822 265 1878 et
292 1805 436 1892 vindex,
465 1803 521 1875 vel
546 1802 740 1875 saevissimis
769 1803 921 1899 tyrannis
951 1801 1149 1891 formidata,
1185 1826 1313 1901 angore
1340 1824 1369 1871 ac

227 1918 446 1995 solicitudine
461 1919 622 2007 lancinat,
647 1918 764 1990 omnia
780 1936 937 2015 suspecta
953 1920 1093 2009 habere,
1117 1919 1250 1991 neruini
1272 1918 1370 1989 crede·

128 2026 133 2043 ’
227 2062 282 2125 re,
312 2058 435 2107 omnes
462 2052 639 2108 metuere:
678 2035 788 2108 modo
818 2035 1052 2135 indignatione
1085 2060 1223 2124 amens,
1259 2032 1390 2117 furere}

228 2170 407 2248 unamque
423 2168 542 2248 optare
557 2151 690 2248 populo
708 2152 871 2223 Romano
889 2152 1084 2241 cervicem,³
1110 2169 1150 2223 ut
1167 2152 1295 2225 scelera
1313 2172 1369 2233 sua,

229 2284 283 2340 tot
304 2268 389 2339 locis
404 2292 444 2339 ac
461 2267 675 2363 temporibus
700 2268 853 2357 diducta,
877 2269 913 2341 in
940 2294 1051 2343 unum
1080 2270 1205 2359 ictum,
1228 2285 1263 2342 et
1279 2288 1369 2339 unum

229 2382 324 2457 diem
347 2400 509 2483 cogeret:
536 2386 645 2457 modo
671 2386 807 2484 ignavii
833 2386 993 2476 imbellis,
1018 2388 1216 2484 desperare,
1240 2400 1369 2456 morten

227 2527 401 2600 quaerere,
426 2500 520 2574 Urbi
535 2527 576 2573 ac
592 2503 755 2598 praetorio
782 2502 977 2600 praefectos,
1005 2504 1259 2600 Callistumque
1280 2521 1369 2572 arces

227 2641 319 2707 uere,
343 2617 581 2690 miserabiliter
606 2621 798 2718 adloquiz⁴
823 2628 849 2664 “
867 2647 957 2694 unus
973 2645 1065 2710 sum,
1091 2637 1162 2693 tres
1192 2618 1293 2691 estis:
1317 2635 1368 2709 ego

232 2739 255 2774 “
279 2735 410 2822 nudus,
433 2759 497 2808 vos
512 2735 658 2809 armati:
684 2738 714 2810 si
730 2761 787 2811 me
804 2738 934 2827 odistis,
961 2737 989 2811 si
1015 2737 1121 2811 vitam
1147 2734 1273 2834 petitis,
1296 2725 1367 2802 occi·
1389 2763 1390 2766 ¹

236 2855 259 2892 “
284 2849 389 2922 dite.’'

283 3095 345 3157 48.
372 3087 444 3157 Hrs
471 3087 607 3176 auditis,
632 3088 803 3184 perterriti
830 3083 937 3162 fidem
963 3101 1144 3174 renovant,
1175 3101 1248 3157 tuta
1275 3073 1370 3152 omnia

232 3201 456 3293 adseverant3
484 3222 517 3276 at
533 3221 688 3276 mentem
703 3228 777 3278 non
794 3205 933 3276 firmant
950 3219 1045 3276 metu
1062 3201 1257 3272 invalidam.
1287 3197 1369 3264 Vete-

230 3317 327 3390 ribus
359 3317 447 3392 vitiis
479 3320 730 3415 superstitibus,
754 3319 853 3393 novis
882 3318 918 3391 in
945 3319 1018 3391 dies
1050 3315 1254 3401 adventitiis,
1277 3303 1368 3408 glittlt

231 3431 397 3523 formido,
422 3459 487 3506 nec
509 3435 681 3508 erubescit
700 3434 867 3534 Princeps
892 3436 948 3508 vel
973 3432 1047 3532 ipsi
1072 3433 1109 3505 in
1131 3433 1232 3506 Urbe
1258 3427 1368 3499 cinctus

235 3549 352 3650 gladio
372 3551 559 3647 prodire2⁵
584 3571 631 3642 et,
657 3553 731 3650 quo
749 3554 834 3627 nihil
851 3549 1091 3638 inconsultius,
1116 3549 1160 3622 ad
1176 3541 1368 3622 securitatem

268 3751 279 3778 ⁸
301 3751 442 3810 Iudicium
459 3753 612 3834 prrffessas.
654 3757 788 3828 Zonaras,
843 3777 894 3824 ras,
915 3754 972 3811 rol.
995 3771 1017 3809 r.
1031 3772 1060 3828 p.
1075 3757 1142 3814 557.
1164 3745 1208 3811 ric
1230 3741 1371 3830 ira'gxttf'

226 3833 284 3891 vol.
297 3851 320 3889 1.
333 3854 363 3910 p.
377 3840 445 3900 557.
840 3838 885 3892 real
912 3833 1045 3896 restim
1069 3825 1303 3930 πςωκιλνᾶμενκ·
1339 3824 1371 3909 Ejl

266 3909 282 3940 ²
302 3911 460 3971 Callistum.
504 3915 550 3972 De
572 3933 632 3993 quo
658 3917 786 3974 diximus
840 3918 900 3989 ιίμὶ,
922 3910 976 3982 ltu,
996 3916 1059 3992 ηεῖς
1082 3907 1107 3969 t·
1132 3914 1208 3986 ὑμεῖς,
1234 3907 1277 3963 ul
1300 3915 1371 3986 young

226 3995 460 4054 Amul-xhssb.
840 3993 883 4068 pair
906 3992 962 4064 tyb,
984 3991 1134 4067 &silwim
1156 3985 1269 4064 δὲὺμεῖς·
1307 3979 1333 4036 El
1351 3995 1370 4026 ’ν

268 4071 280 4104 ³
293 4075 445 4133 Cervicem.
469 4077 540 4131 linc
553 4085 653 4152 etseq.
666 4077 784 4135 totidem
839 4079 935 4148 μιπῖπ
946 4097 987 4148 με,
1009 4075 1054 4128 nai
1068 4071 1215 4130 ἐπιπίνειν
1233 4071 1312 4124 tium
1331 4065 1367 4124 ll·

168 4208 172 4216 ,
228 4156 427 4213 termtverbis
453 4157 570 4224 Seneca,
599 4157 712 4226 detra,
736 4175 786 4214 nr.
840 4151 948 4212 niem.

129 4266 133 4272 ¹
231 4243 278 4305 19.
308 4237 358 4294 ubi
386 4236 519 4292 adversus
552 4239 617 4294 Caii
650 4239 786 4296 ferociam
882 4232 1025 4293 5Οἱηετιιε
1036 4235 1134 4314 gladio
1144 4229 1265 4313 prodire·
1302 4217 1370 4276 2⁰¹¹*

226 4319 333 4375 acriter
344 4316 464 4374 intonat.
843 4336 896 4388 ras,
919 4317 974 4374 loc.
988 4318 1037 4376 cit.

266 4394 509 4456 ⁴Mirrrabililer
534 4398 656 4476 adloqui.
698 4401 788 4459 Zone·
