2859 4950
215 234 255 305 76
538 229 540 236 ’
581 230 618 290 C.
637 226 836 289 CORNELII
857 228 994 289 TACITI

212 412 293 463 rum
317 411 359 460 ac
376 384 547 461 montium
562 382 718 483 erigitur,
735 380 918 459 latrociniis
939 399 1128 481 pererrant,
1179 382 1235 457 Hi
1252 400 1370 461 tamen

214 504 304 578 inter
320 506 516 577 Germanos
538 500 655 598 potius
678 499 890 590 referuntur,
910 501 990 598 quia
1003 516 1039 575 et
1060 501 1184 574 domos
1212 502 1370 601 fingunt,

215 637 249 714 et
265 636 362 695 scuta
376 635 522 718 gestant,
534 636 569 691 et
585 618 715 714 pedum
732 639 797 691 usu
814 642 852 689 ar
869 616 1064 713 pernicitate
1080 617 1262 715 gaudent:
1291 644 1371 717 quae

215 735 332 811 onmia
355 736 488 809 diversa
512 734 673 809 Sarmatis
702 750 795 823 sunt,
820 733 857 807 in
879 732 1030 831 plaustro
1047 738 1235 830 equoque¹
1254 735 1372 807 viven.

215 852 317 933 tibus.
368 852 516 941 Fennis²
542 852 630 923 mira
654 849 782 939 feritas,
809 847 904 925 foeda
928 864 1128 947 paupertas:
1155 875 1233 925 non
1262 875 1371 941 arma,

216 993 287 1041 non
303 968 396 1066 equi,
412 991 483 1039 non
499 984 659 1063 penates:
687 967 790 1040 victui
807 966 927 1055 herba,
943 964 1077 1039 vestitui
1093 966 1226 1061 pelles:
1256 966 1371 1039 cubile

216 1084 366 1158 humus:
393 1084 465 1158 sola
493 1083 530 1153 in
555 1082 683 1181 sagittis
711 1106 801 1178 spes,
834 1106 919 1179 quas
951 1079 1066 1176 inopia
1098 1078 1195 1170 ferri,
1233 1082 1368 1155 ossibus

216 1216 383 1295 asperent.
433 1198 601 1294 Idemque
617 1214 760 1269 venatus
785 1195 876 1269 viros
901 1196 1027 1291 pariter
1051 1219 1090 1269 ac
1111 1194 1291 1269 foeminas·
1302 1197 1368 1270 alit

215 1313 345 1409 ¹Passim
369 1312 462 1388 enim
485 1312 705 1400 comitantur,
730 1329 931 1408 partemque
953 1311 1081 1406 praedae
1102 1330 1241 1407 petunt.
1295 1316 1370 1389 Nec

217 1430 311 1502 aliud
335 1428 522 1503 infantibus
540 1427 693 1501 ferarum
718 1428 949 1524 imbriumque
965 1426 1168 1525 suffugium,
1194 1429 1309 1530 quam
1335 1446 1371 1503 ut

215 1542 255 1617 in
278 1545 394 1641 aliquo
420 1570 598 1622 ramorum
622 1570 717 1617 nexu
743 1560 990 1643 contegantur:
1018 1544 1092 1623 huc,
1103 1544 1256 1619 redeunt
1275 1550 1370 1645 juve·

217 1684 293 1751 nes,
320 1661 387 1735 hoc
414 1686 538 1736 senum
565 1662 834 1759 receptaculum.
885 1662 954 1737 sed
983 1660 1116 1735 beatius
1145 1662 1370 1751 arbitrantur,

216 1778 328 1875 quam
352 1777 528 1877 ingemere
554 1778 657 1877 agris,
679 1779 860 1853 illaborare
876 1777 1048 1869 domibus,
1073 1802 1150 1851 suas
1172 1777 1370 1877 alienasque

217 1890 377 1973 fortunas
392 1919 453 1991 spe
469 1911 634 1991 metuque
650 1918 797 1969 versare.
848 1894 989 1979 Securi⁵
1009 1893 1175 1977 adverstis
1196 1893 1369 1983 homines,

220 2008 333 2080 securi
354 2009 520 2083 adversius
545 2012 656 2099 Deos,
680 2035 756 2083 rem
773 2010 1005 2083 difficillimam
1031 2008 1181 2081 adsecuti
1209 2028 1307 2098 sunt,
1334 2024 1368 2081 ut

221 2122 287 2196 illis
312 2148 358 2195 ne
385 2141 467 2196 voto
490 2124 655 2222 quidem⁴
677 2152 765 2222 opus
790 2143 888 2199 esset
940 2126 1065 2200 Cetera
1089 2127 1161 2222 jam
1187 2122 1367 2197 fabulosa:

221 2244 247 2279 “
273 2239 447 2315 Hellusios
463 2257 497 2312 et
515 2240 695 2315 Oxionas⁵
720 2266 782 2315 ora
805 2240 986 2315 hominum
1003 2241 1200 2339 vultusque,
1223 2246 1369 2337 corpora

267 2537 276 2562 ¹
299 2539 338 2596 In
358 2541 488 2614 plaustro
516 2561 655 2619 equoque.-
681 2543 730 2600 Sic
742 2551 771 2600 et
823 2542 926 2600 tionem
935 2543 998 2600 vide
1008 2540 1084 2618 apud
1096 2540 1126 2598 P.
1137 2539 1172 2596 de
1184 2537 1366 2606 Charlevoix,

225 2618 311 2676 hodie
318 2621 416 2678 vivunt
427 2622 622 2680 Sarmatarum
633 2622 771 2698 reliquie,
823 2623 879 2680 loc.
894 2623 944 2680 cit.
959 2622 1057 2678 Leltre
1073 2638 1141 2678 xrv.
1155 2639 1183 2696 p.
1199 2623 1272 2692 aar,

227 2699 274 2757 tle
289 2699 420 2771 Tartara,
441 2702 488 2758 tle
501 2704 631 2779 Nogoys.
863 2699 874 2732 ³
897 2702 1005 2761 Securi.
1027 2703 1074 2758 Sic
1085 2701 1202 2770 Seneca,
1217 2701 1274 2775 Ep.
1287 2713 1366 2757 xvn.

266 2773 280 2802 ²
298 2779 410 2839 Fennis.
432 2782 540 2838 Eorum
551 2781 770 2858 regiodPlinio,
822 2784 1003 2842 commendat
1014 2791 1221 2858 paupertatem,
1236 2780 1296 2856 qud
1308 2795 1367 2854 pro

147 2926 150 2932 ¹
220 2862 645 2940 -1v.l3.dicitur‚Eningiu.
686 2865 770 2922 Forte
822 2864 947 2922 mittitur
964 2863 1237 2938 perpetualiberlna,
1257 2858 1367 2924 nullius,

225 2939 329 2998 melitis
344 2941 482 3016 legeretur
498 2942 642 3019 Feningio.
677 2944 771 3007 Hodie
823 2965 871 3002 nec
897 2942 1021 3013 bertinia,
1041 2962 1090 3002 nec
1108 2940 1165 3003 Dei
1185 2941 1283 3001 timor.
1326 2937 1365 2992 De

226 3020 358 3080 Fr'nload.
379 3022 539 3080 Fennorum
550 3023 688 3084 feritatem
701 3045 772 3101 pau·
824 3021 951 3081 interrita
971 3022 1181 3080 Canadensium
1208 3018 1366 3083 securitate,

225 3103 772 3179 pertatemquedescribitWamefridus‚
824 3105 891 3162 edm
904 3123 1038 3180 suprema
1052 3103 1116 3160 vitre
1128 3101 1246 3177 instant,
1259 3099 1323 3158 tide
1338 3096 1366 3152 P.

226 3181 385 3240 de.Gestis
407 3183 670 3259 Langobardorum,
696 3203 720 3242 1.
739 3191 770 3243 5.
824 3186 859 3242 de
890 3183 1072 3254 Charlevoix‚
1107 3183 1162 3241 loc.
1193 3183 1246 3242 eit.
1272 3179 1365 3240 Μῖνι

226 3261 390 3333 Scritolini,
421 3264 517 3341 potibs
550 3264 772 3342 scritefinni,-
826 3264 921 3323 xxvi(
934 3285 962 3340 p.
977 3269 1045 3327 372.

227 3343 333 3402 astans
347 3345 589 3421 tempore-nivibus
600 3365 655 3404 non
665 3354 773 3414 carent,
864 3342 880 3378 ⁴
900 3344 948 3401 Ne
961 3353 1026 3402 noto
1039 3343 1156 3420 quidem.
1184 3341 1247 3398 Illis
1269 3347 1365 3416 natura

228 3442 278 3481 nec
291 3423 365 3491 aliia,
377 3433 474 3500 utpote
488 3425 566 3500 feria
575 3426 643 3502 ipsis
664 3426 773 3484 ratione
825 3425 938 3484 sufficit.
960 3425 1030 3482 lnde
1040 3442 1075 3480 ne
1085 3437 1150 3486 voto
1161 3421 1278 3496 quidem
1289 3435 1364 3494 opus,

228 3523 284 3562 non
307 3502 442 3577 dispares,
461 3507 542 3580 qddm
563 3505 658 3564 crudis
678 3525 773 3584 egres·
825 3506 889 3582 quin
903 3512 1007 3564 tratura
1019 3504 1157 3562 minimam
1172 3502 1257 3578 petit,
1271 3501 1362 3560 senec.

228 3583 298 3640 rium
319 3582 499 3642 animantiam
513 3584 643 3644 carnibus
661 3605 774 3643 reacun-
827 3585 882 3644 loc.
897 3586 948 3644 cit.

228 3673 298 3732 ram·
318 3665 353 3720 de
364 3683 479 3740 quorum
498 3666 580 3724 ctiam
594 3664 677 3724 lirtir
694 3667 776 3744 pelli·
867 3663 1044 3724 ⁵Helluaios
1069 3671 1097 3720 et
1121 3662 1253 3720 Oxionas.
1287 3657 1363 3716 Ultra

227 3745 277 3801 bns
295 3743 349 3801 sibi
367 3745 527 3805 indumenta
546 3752 688 3821 coeptant.
730 3745 776 3804 Hi
828 3745 936 3805 Fennos
950 3745 1073 3804 Hellusii
1088 3757 1117 3800 et
1136 3742 1273 3809 Oxiones,
1293 3751 1361 3795 nunc

228 3823 388 3891 desiliendo,
388 3827 479 3901 juxto
486 3825 609 3902 lingnam
618 3826 774 3895 barbaram,
828 3825 963 3902 Loponia.
998 3825 1073 3884 cum
1087 3823 1116 3880 in
1130 3822 1172 3880 his
1187 3813 1362 3898 frigidissimis

228 3903 420 3982 etymologiam
432 3907 551 3963 ducunt.-
575 3905 691 3962 saltibus
703 3907 775 3964 enim
826 3906 986 3982 regionibus
1007 3905 1133 3966 homiues
1154 3903 1295 3961 horrerent
1311 3897 1361 3952 hir·

227 3991 346 4052 utentes,
356 3994 419 4041 arte
429 3984 549 4062 quddam
561 3985 638 4060 ligno
649 3984 775 4057 mcarno,
826 3987 896 4044 sutis
916 3985 1039 4044 serarum
1061 3985 1195 4064 pellibus,
1216 3981 1284 4040 dicti
1303 3982 1361 4034 sunl

228 4061 361 4122 ararem
371 4063 590 4134 similitudinem,
597 4064 684 4143 ferna
696 4067 775 4124 adae·
826 4084 877 4124 ora
901 4066 1058 4136 bominum,
1092 4083 1212 4141 corpora
1235 4071 1361 4130 artusque

218 4153 362 4220 gannim.
404 4147 436 4202 ln
462 4146 506 4202 his
529 4143 659 4216 saltibus,
682 4145 712 4201 in
732 4146 774 4202 in·
826 4146 949 4204 ferarum
970 4166 1078 4223 gerere;
1100 4143 1244 4205 communi
1267 4153 1359 4200 erroro

228 4243 317 4282 curvo
329 4239 509 4302 ¹arcuatoque
522 4224 607 4301 ligno,
624 4243 774 4302 agnoscere
825 4237 853 4284 et
863 4227 940 4305 apud
952 4245 1003 4285 nos
1013 4227 1098 4286 etlam
1110 4227 1139 4283 in
1151 4224 1359 4300 longinquarum

227 4317 269 4362 est
281 4305 460 4374 Canadeuses
478 4305 579 4377 soleas,
600 4324 671 4380 quas
684 4306 772 4382 vulgo
825 4308 1082 4385 peregrinationum
1093 4305 1296 4365 narrationibus
1306 4291 1358 4350 rul-

228 4384 351 4443 dicimus
364 4386 484 4445 recten.
524 4387 635 4454 Earum
648 4387 774 4466 descrip·
825 4397 901 4464 gato.
941 4388 1026 4450 Adde
1039 4388 1125 4450 moris
1141 4381 1283 4462 estenpud
1304 4379 1358 4434 bus·
