<?xml version="1.0" encoding="UTF-8"?>
<!DOCTYPE html PUBLIC "-//W3C//DTD XHTML 1.0 Transitional//EN"
    "http://www.w3.org/TR/xhtml1/DTD/xhtml1-transitional.dtd">
<html xmlns="http://www.w3.org/1999/xhtml" xml:lang="en" lang="en">
 <head>
  <title>
</title>
<meta http-equiv="Content-Type" content="text/html;charset=utf-8" />
  <meta name='ocr-system' content='tesseract 3.04.00' />
  <meta name='ocr-capabilities' content='ocr_page ocr_carea ocr_par ocr_line ocrx_word'/>
</head>
<body>
  <div class='ocr_page' id='page_1' title='image "./ccorntacitioper01valpgoog_0646.png"; bbox 0 0 2859 4950; ppageno 0'>
   <div class='ocr_carea' id='block_1_1' title="bbox 221 268 1084 339">
    <p class='ocr_par' dir='ltr' id='par_1_1' title="bbox 221 268 1084 339">
     <span class='ocr_line' id='line_1_1' title="bbox 221 268 1084 339; baseline -0.002 -2"><span class='ocrx_word' id='word_1_1' title='bbox 221 272 283 339; x_wconf 78' lang='lat'>632</span> <span class='ocrx_word' id='word_1_2' title='bbox 528 274 653 336; x_wconf 78' lang='lat' dir='ltr'>NOTAE</span> <span class='ocrx_word' id='word_1_3' title='bbox 674 268 727 333; x_wconf 78' lang='grc' dir='ltr'>ΕΤ</span> <span class='ocrx_word' id='word_1_4' title='bbox 747 270 1084 335; x_wconf 74' lang='lat' dir='ltr'>EMENDATIONES</span> 
     </span>
    </p>
   </div>
   <div class='ocr_carea' id='block_1_2' title="bbox 120 424 1399 4424">
    <p class='ocr_par' dir='ltr' id='par_1_2' title="bbox 209 424 1399 1966">
     <span class='ocr_line' id='line_1_2' title="bbox 220 424 1348 515; baseline 0 -20"><span class='ocrx_word' id='word_1_5' title='bbox 220 428 345 495; x_wconf 82' lang='lat' dir='ltr'>Falerni</span> <span class='ocrx_word' id='word_1_6' title='bbox 358 428 532 515; x_wconf 77' lang='lat' dir='ltr'>ampliores,</span> <span class='ocrx_word' id='word_1_7' title='bbox 556 426 693 513; x_wconf 80' lang='lat' dir='ltr'>singulos</span> <span class='ocrx_word' id='word_1_8' title='bbox 707 424 780 493; x_wconf 87' lang='lat' dir='ltr'>Chii</span> <span class='ocrx_word' id='word_1_9' title='bbox 799 426 905 507; x_wconf 86' lang='lat' dir='ltr'>cados,</span> <span class='ocrx_word' id='word_1_10' title='bbox 930 426 962 493; x_wconf 89' lang='lat' dir='ltr'>iu</span> <span class='ocrx_word' id='word_1_11' title='bbox 984 424 1103 513; x_wconf 76' lang='lat' dir='ltr'>singula</span> <span class='ocrx_word' id='word_1_12' title='bbox 1117 426 1255 493; x_wconf 78' lang='lat' dir='ltr'>convivia</span> <span class='ocrx_word' id='word_1_13' title='bbox 1269 428 1348 495; x_wconf 87' lang='lat' dir='ltr'>d&#39;utri·</span> 
     </span>
     <span class='ocr_line' id='line_1_3' title="bbox 218 538 1350 632; baseline -0.001 -24"><span class='ocrx_word' id='word_1_14' title='bbox 218 540 298 609; x_wconf 89' lang='lat' dir='ltr'>buit.</span> <span class='ocrx_word' id='word_1_15' title='bbox 344 538 460 607; x_wconf 84' lang='lat' dir='ltr'>Chium</span> <span class='ocrx_word' id='word_1_16' title='bbox 472 540 572 605; x_wconf 81' lang='lat' dir='ltr'>adhuc</span> <span class='ocrx_word' id='word_1_17' title='bbox 591 552 625 605; x_wconf 86' lang='lat' dir='ltr'>et</span> <span class='ocrx_word' id='word_1_18' title='bbox 648 538 813 632; x_wconf 73' lang='lat' dir='ltr'>Falernum</span> <span class='ocrx_word' id='word_1_19' title='bbox 827 538 858 604; x_wconf 89' lang='lat' dir='ltr'>in</span> <span class='ocrx_word' id='word_1_20' title='bbox 882 538 1085 624; x_wconf 69' lang='lat' dir='ltr'>Hispaniensi</span> <span class='ocrx_word' id='word_1_21' title='bbox 1106 538 1261 625; x_wconf 78' lang='lat' dir='ltr'>triumphe</span> <span class='ocrx_word' id='word_1_22' title='bbox 1274 541 1350 618; x_wconf 83' lang='lat' dir='ltr'>dedit,</span> 
     </span>
     <span class='ocr_line' id='line_1_4' title="bbox 219 650 1352 739; baseline -0.003 -19"><span class='ocrx_word' id='word_1_23' title='bbox 219 653 304 720; x_wconf 88' lang='lat' dir='ltr'>Plio.</span> <span class='ocrx_word' id='word_1_24' title='bbox 319 653 394 719; x_wconf 89' lang='lat' dir='ltr'>ibid.</span> <span class='ocrx_word' id='word_1_25' title='bbox 416 652 542 727; x_wconf 71' lang='lat' dir='ltr'>Quinta</span> <span class='ocrx_word' id='word_1_26' title='bbox 555 664 629 717; x_wconf 88' lang='lat' dir='ltr'>tunc</span> <span class='ocrx_word' id='word_1_27' title='bbox 644 650 759 731; x_wconf 78' lang='lat' dir='ltr'>letitia,</span> <span class='ocrx_word' id='word_1_28' title='bbox 784 651 857 715; x_wconf 87' lang='lat' dir='ltr'>edm</span> <span class='ocrx_word' id='word_1_29' title='bbox 873 651 1009 737; x_wconf 81' lang='lat' dir='ltr'>populus</span> <span class='ocrx_word' id='word_1_30' title='bbox 1029 651 1206 730; x_wconf 88' lang='lat' dir='ltr'>Romanus,</span> <span class='ocrx_word' id='word_1_31' title='bbox 1228 674 1281 739; x_wconf 89' lang='lat' dir='ltr'>per</span> <span class='ocrx_word' id='word_1_32' title='bbox 1292 676 1352 717; x_wconf 88' lang='lat' dir='ltr'>ron·</span> 
     </span>
     <span class='ocr_line' id='line_1_5' title="bbox 218 762 1351 849; baseline -0.002 -20"><span class='ocrx_word' id='word_1_33' title='bbox 218 765 296 831; x_wconf 81' lang='lat' dir='ltr'>vivia</span> <span class='ocrx_word' id='word_1_34' title='bbox 316 766 439 845; x_wconf 85' lang='lat' dir='ltr'>divisus,</span> <span class='ocrx_word' id='word_1_35' title='bbox 463 764 542 829; x_wconf 88' lang='lat' dir='ltr'>iuter</span> <span class='ocrx_word' id='word_1_36' title='bbox 564 762 671 848; x_wconf 85' lang='lat' dir='ltr'>patrite</span> <span class='ocrx_word' id='word_1_37' title='bbox 697 762 1015 849; x_wconf 75' lang='lat' dir='ltr'>triumphantiumque</span> <span class='ocrx_word' id='word_1_38' title='bbox 1044 762 1161 842; x_wconf 87' lang='lat' dir='ltr'>laudes,</span> <span class='ocrx_word' id='word_1_39' title='bbox 1190 785 1275 827; x_wconf 85' lang='lat' dir='ltr'>suam</span> <span class='ocrx_word' id='word_1_40' title='bbox 1299 765 1351 849; x_wconf 90' lang='lat' dir='ltr'>ipse</span> 
     </span>
     <span class='ocr_line' id='line_1_6' title="bbox 216 872 1351 961; baseline -0.001 -20"><span class='ocrx_word' id='word_1_41' title='bbox 216 879 372 943; x_wconf 77' lang='lat' dir='ltr'>fortunam</span> <span class='ocrx_word' id='word_1_42' title='bbox 387 875 627 961; x_wconf 77' lang='lat' dir='ltr'>felicitatemque</span> <span class='ocrx_word' id='word_1_43' title='bbox 641 873 837 939; x_wconf 86' lang='lat' dir='ltr'>celebrabat!</span> <span class='ocrx_word' id='word_1_44' title='bbox 860 874 907 939; x_wconf 88' lang='lat' dir='ltr'>At</span> <span class='ocrx_word' id='word_1_45' title='bbox 929 872 1113 961; x_wconf 88' lang='lat' dir='ltr'>plerumque</span> <span class='ocrx_word' id='word_1_46' title='bbox 1135 873 1254 959; x_wconf 81' lang='lat' dir='ltr'>perfida</span> <span class='ocrx_word' id='word_1_47' title='bbox 1273 876 1351 941; x_wconf 84' lang='lat' dir='ltr'>deno-</span> 
     </span>
     <span class='ocr_line' id='line_1_7' title="bbox 216 983 1352 1071; baseline -0.002 -18"><span class='ocrx_word' id='word_1_48' title='bbox 216 1010 285 1053; x_wconf 90' lang='lat' dir='ltr'>rum</span> <span class='ocrx_word' id='word_1_49' title='bbox 299 1000 416 1053; x_wconf 86' lang='lat' dir='ltr'>natura.</span> <span class='ocrx_word' id='word_1_50' title='bbox 462 986 504 1052; x_wconf 84' lang='lat' dir='ltr'>Et</span> <span class='ocrx_word' id='word_1_51' title='bbox 516 985 622 1053; x_wconf 81' lang='lat' dir='ltr'>Julius</span> <span class='ocrx_word' id='word_1_52' title='bbox 640 983 757 1065; x_wconf 73' lang='lat' dir='ltr'>caeer,</span> <span class='ocrx_word' id='word_1_53' title='bbox 781 985 833 1070; x_wconf 92' lang='lat' dir='ltr'>qui</span> <span class='ocrx_word' id='word_1_54' title='bbox 849 984 921 1051; x_wconf 82' lang='lat' dir='ltr'>vitis</span> <span class='ocrx_word' id='word_1_55' title='bbox 935 985 1122 1071; x_wconf 79' lang='lat' dir='ltr'>virtutesque</span> <span class='ocrx_word' id='word_1_56' title='bbox 1140 984 1174 1051; x_wconf 87' lang='lat' dir='ltr'>in</span> <span class='ocrx_word' id='word_1_57' title='bbox 1195 985 1352 1051; x_wconf 75' lang='lat' dir='ltr'>dommsndi</span> 
     </span>
     <span class='ocr_line' id='line_1_8' title="bbox 215 1096 1353 1185; baseline -0.001 -19"><span class='ocrx_word' id='word_1_58' title='bbox 215 1112 295 1166; x_wconf 82' lang='lat' dir='ltr'>artes</span> <span class='ocrx_word' id='word_1_59' title='bbox 309 1111 451 1177; x_wconf 88' lang='lat' dir='ltr'>verterat,</span> <span class='ocrx_word' id='word_1_60' title='bbox 465 1097 625 1182; x_wconf 86' lang='lat' dir='ltr'>congiariis</span> <span class='ocrx_word' id='word_1_61' title='bbox 638 1118 762 1184; x_wconf 90' lang='lat' dir='ltr'>queque</span> <span class='ocrx_word' id='word_1_62' title='bbox 776 1120 847 1163; x_wconf 77' lang='lat' dir='ltr'>risus</span> <span class='ocrx_word' id='word_1_63' title='bbox 868 1111 925 1163; x_wconf 89' lang='lat' dir='ltr'>est.</span> <span class='ocrx_word' id='word_1_64' title='bbox 971 1096 1042 1163; x_wconf 90' lang='lat' dir='ltr'>Nec</span> <span class='ocrx_word' id='word_1_65' title='bbox 1058 1099 1128 1185; x_wconf 82' lang='lat' dir='ltr'>jam</span> <span class='ocrx_word' id='word_1_66' title='bbox 1146 1096 1230 1185; x_wconf 76' lang='lat' dir='ltr'>gule</span> <span class='ocrx_word' id='word_1_67' title='bbox 1243 1098 1353 1178; x_wconf 82' lang='lat' dir='ltr'>delicis,</span> 
     </span>
     <span class='ocr_line' id='line_1_9' title="bbox 214 1208 1352 1299; baseline -0.002 -22"><span class='ocrx_word' id='word_1_68' title='bbox 214 1212 280 1288; x_wconf 84' lang='lat' dir='ltr'>sed,</span> <span class='ocrx_word' id='word_1_69' title='bbox 292 1212 404 1299; x_wconf 87' lang='lat' dir='ltr'>quibus</span> <span class='ocrx_word' id='word_1_70' title='bbox 418 1212 463 1276; x_wconf 87' lang='lat' dir='ltr'>vis</span> <span class='ocrx_word' id='word_1_71' title='bbox 476 1210 586 1288; x_wconf 86' lang='lat' dir='ltr'>acrior,</span> <span class='ocrx_word' id='word_1_72' title='bbox 600 1232 677 1274; x_wconf 87' lang='lat' dir='ltr'>sure</span> <span class='ocrx_word' id='word_1_73' title='bbox 695 1222 884 1297; x_wconf 78' lang='lat' dir='ltr'>argentoque</span> <span class='ocrx_word' id='word_1_74' title='bbox 897 1208 1055 1295; x_wconf 80' lang='lat' dir='ltr'>publicam</span> <span class='ocrx_word' id='word_1_75' title='bbox 1070 1210 1250 1275; x_wconf 76' lang='lat' dir='ltr'>libertatem</span> <span class='ocrx_word' id='word_1_76' title='bbox 1267 1212 1352 1297; x_wconf 78' lang='lat' dir='ltr'>tregit.</span> 
     </span>
     <span class='ocr_line' id='line_1_10' title="bbox 213 1319 1352 1409; baseline -0.001 -21"><span class='ocrx_word' id='word_1_77' title='bbox 213 1321 368 1389; x_wconf 90' lang='lat' dir='ltr'>Eamdem</span> <span class='ocrx_word' id='word_1_78' title='bbox 379 1322 460 1387; x_wconf 89' lang='lat' dir='ltr'>viam</span> <span class='ocrx_word' id='word_1_79' title='bbox 474 1321 541 1387; x_wconf 91' lang='lat' dir='ltr'>iniit</span> <span class='ocrx_word' id='word_1_80' title='bbox 552 1320 672 1386; x_wconf 80' lang='lat' dir='ltr'>felicior</span> <span class='ocrx_word' id='word_1_81' title='bbox 686 1320 858 1406; x_wconf 84' lang='lat' dir='ltr'>Augustus.</span> <span class='ocrx_word' id='word_1_82' title='bbox 902 1320 956 1385; x_wconf 89' lang='lat' dir='ltr'>Ne</span> <span class='ocrx_word' id='word_1_83' title='bbox 969 1342 1037 1385; x_wconf 87' lang='lat' dir='ltr'>eam</span> <span class='ocrx_word' id='word_1_84' title='bbox 1052 1319 1179 1409; x_wconf 88' lang='lat' dir='ltr'>quidem</span> <span class='ocrx_word' id='word_1_85' title='bbox 1194 1338 1352 1408; x_wconf 72' lang='lat' dir='ltr'>espemns</span> 
     </span>
     <span class='ocr_line' id='line_1_11' title="bbox 212 1414 1399 1519; baseline 0 -20"><span class='ocrx_word' id='word_1_86' title='bbox 212 1446 260 1499; x_wconf 90' lang='lat' dir='ltr'>est</span> <span class='ocrx_word' id='word_1_87' title='bbox 281 1414 438 1515; x_wconf 85' lang='lat' dir='ltr'>Tiberius,</span> <span class='ocrx_word' id='word_1_88' title='bbox 462 1433 585 1519; x_wconf 82' lang='lat' dir='ltr'>parcior</span> <span class='ocrx_word' id='word_1_89' title='bbox 609 1445 723 1509; x_wconf 80' lang='lat' dir='ltr'>tumen,</span> <span class='ocrx_word' id='word_1_90' title='bbox 744 1432 815 1519; x_wconf 88' lang='lat' dir='ltr'>quia</span> <span class='ocrx_word' id='word_1_91' title='bbox 836 1431 903 1497; x_wconf 81' lang='lat' dir='ltr'>aliis</span> <span class='ocrx_word' id='word_1_92' title='bbox 927 1433 1072 1519; x_wconf 78' lang='lat' dir='ltr'>regnandi</span> <span class='ocrx_word' id='word_1_93' title='bbox 1095 1434 1216 1499; x_wconf 84' lang='lat' dir='ltr'>artibus</span> <span class='ocrx_word' id='word_1_94' title='bbox 1235 1434 1352 1503; x_wconf 66' lang='lat' dir='ltr'>subdier.</span> <span class='ocrx_word' id='word_1_95' title='bbox 1398 1422 1399 1499; x_wconf 54' lang='lat' dir='ltr'>J</span> 
     </span>
     <span class='ocr_line' id='line_1_12' title="bbox 213 1543 1351 1630; baseline 0 -19"><span class='ocrx_word' id='word_1_96' title='bbox 213 1546 320 1611; x_wconf 83' lang='lat' dir='ltr'>Ceteri</span> <span class='ocrx_word' id='word_1_97' title='bbox 333 1545 442 1611; x_wconf 91' lang='lat' dir='ltr'>deinde</span> <span class='ocrx_word' id='word_1_98' title='bbox 458 1544 620 1630; x_wconf 85' lang='lat' dir='ltr'>Principes</span> <span class='ocrx_word' id='word_1_99' title='bbox 631 1544 692 1609; x_wconf 76' lang='lat' dir='ltr'>tte</span> <span class='ocrx_word' id='word_1_100' title='bbox 706 1543 757 1607; x_wconf 79' lang='lat' dir='ltr'>vit</span> <span class='ocrx_word' id='word_1_101' title='bbox 772 1543 853 1625; x_wconf 88' lang='lat' dir='ltr'>iere;</span> <span class='ocrx_word' id='word_1_102' title='bbox 877 1544 926 1611; x_wconf 85' lang='lat' dir='ltr'>elii</span> <span class='ocrx_word' id='word_1_103' title='bbox 948 1543 1142 1626; x_wconf 84' lang='lat' dir='ltr'>liberalitate,</span> <span class='ocrx_word' id='word_1_104' title='bbox 1165 1544 1221 1611; x_wconf 89' lang='lat' dir='ltr'>alii</span> <span class='ocrx_word' id='word_1_105' title='bbox 1243 1568 1351 1613; x_wconf 80' lang='lat' dir='ltr'>conme-</span> 
     </span>
     <span class='ocr_line' id='line_1_13' title="bbox 211 1654 1351 1743; baseline 0.001 -21"><span class='ocrx_word' id='word_1_106' title='bbox 211 1660 317 1722; x_wconf 84' lang='lat' dir='ltr'>tudnie</span> <span class='ocrx_word' id='word_1_107' title='bbox 344 1672 376 1722; x_wconf 91' lang='lat' dir='ltr'>et</span> <span class='ocrx_word' id='word_1_108' title='bbox 403 1655 640 1743; x_wconf 80' lang='lat' dir='ltr'>prodignlitate3</span> <span class='ocrx_word' id='word_1_109' title='bbox 671 1654 723 1720; x_wconf 86' lang='lat' dir='ltr'>alii</span> <span class='ocrx_word' id='word_1_110' title='bbox 752 1656 889 1737; x_wconf 67' lang='lat' dir='ltr'>ernnust,</span> <span class='ocrx_word' id='word_1_111' title='bbox 917 1658 990 1721; x_wconf 77' lang='lat' dir='ltr'>cum</span> <span class='ocrx_word' id='word_1_112' title='bbox 1018 1658 1136 1738; x_wconf 88' lang='lat' dir='ltr'>darent,</span> <span class='ocrx_word' id='word_1_113' title='bbox 1165 1672 1202 1723; x_wconf 91' lang='lat' dir='ltr'>ut</span> <span class='ocrx_word' id='word_1_114' title='bbox 1226 1658 1351 1723; x_wconf 67' lang='lat' dir='ltr'>rumuli</span> 
     </span>
     <span class='ocr_line' id='line_1_14' title="bbox 212 1766 1350 1854; baseline 0.001 -20"><span class='ocrx_word' id='word_1_115' title='bbox 212 1776 386 1849; x_wconf 75' lang='lat' dir='ltr'>auterreo13</span> <span class='ocrx_word' id='word_1_116' title='bbox 408 1766 460 1833; x_wconf 91' lang='lat' dir='ltr'>alii</span> <span class='ocrx_word' id='word_1_117' title='bbox 473 1766 675 1833; x_wconf 74' lang='lat' dir='ltr'>necessitate:</span> <span class='ocrx_word' id='word_1_118' title='bbox 698 1766 787 1853; x_wconf 88' lang='lat' dir='ltr'>plebs</span> <span class='ocrx_word' id='word_1_119' title='bbox 798 1767 880 1833; x_wconf 88' lang='lat' dir='ltr'>enim</span> <span class='ocrx_word' id='word_1_120' title='bbox 897 1766 1110 1854; x_wconf 81' lang='lat' dir='ltr'>largitionibus</span> <span class='ocrx_word' id='word_1_121' title='bbox 1125 1767 1272 1849; x_wconf 74' lang='lat' dir='ltr'>inescata,</span> <span class='ocrx_word' id='word_1_122' title='bbox 1284 1770 1350 1835; x_wconf 83' lang='lat' dir='ltr'>inso-</span> 
     </span>
     <span class='ocr_line' id='line_1_15' title="bbox 209 1876 859 1966; baseline 0.002 -22"><span class='ocrx_word' id='word_1_123' title='bbox 209 1876 358 1959; x_wconf 85' lang='lat' dir='ltr'>lescebat,</span> <span class='ocrx_word' id='word_1_124' title='bbox 371 1880 461 1945; x_wconf 87' lang='lat' dir='ltr'>avida</span> <span class='ocrx_word' id='word_1_125' title='bbox 471 1902 606 1964; x_wconf 86' lang='lat' dir='ltr'>semper,</span> <span class='ocrx_word' id='word_1_126' title='bbox 619 1900 743 1965; x_wconf 89' lang='lat' dir='ltr'>semper</span> <span class='ocrx_word' id='word_1_127' title='bbox 756 1902 859 1966; x_wconf 84' lang='lat' dir='ltr'>egens.</span> 
     </span>
    </p>

    <p class='ocr_par' dir='ltr' id='par_1_3' title="bbox 143 1972 1349 2080">
     <span class='ocr_line' id='line_1_16' title="bbox 143 1972 1349 2080; baseline 0.002 -25"><span class='ocrx_word' id='word_1_128' title='bbox 143 1972 146 1977; x_wconf 32' lang='lat'>¹</span> <span class='ocrx_word' id='word_1_129' title='bbox 253 1991 380 2063; x_wconf 83' lang='lat' dir='ltr'>Quanta</span> <span class='ocrx_word' id='word_1_130' title='bbox 393 2005 497 2056; x_wconf 91' lang='lat' dir='ltr'>autem</span> <span class='ocrx_word' id='word_1_131' title='bbox 517 1990 673 2080; x_wconf 82' lang='lat' dir='ltr'>impendia</span> <span class='ocrx_word' id='word_1_132' title='bbox 687 1992 718 2057; x_wconf 89' lang='lat' dir='ltr'>in</span> <span class='ocrx_word' id='word_1_133' title='bbox 732 1990 895 2077; x_wconf 79' lang='lat' dir='ltr'>congiariis</span> <span class='ocrx_word' id='word_1_134' title='bbox 912 1990 1047 2057; x_wconf 80' lang='lat' dir='ltr'>Romani</span> <span class='ocrx_word' id='word_1_135' title='bbox 1062 1990 1271 2079; x_wconf 85' lang='lat' dir='ltr'>Imperatores</span> <span class='ocrx_word' id='word_1_136' title='bbox 1284 1994 1349 2057; x_wconf 83' lang='lat' dir='ltr'>lece·</span> 
     </span>
    </p>

    <p class='ocr_par' dir='ltr' id='par_1_4' title="bbox 120 2101 1399 4424">
     <span class='ocr_line' id='line_1_17' title="bbox 120 2101 1347 2190; baseline 0 -23"><span class='ocrx_word' id='word_1_137' title='bbox 120 2120 123 2127; x_wconf 85' lang='lat'>·</span> <span class='ocrx_word' id='word_1_138' title='bbox 209 2103 269 2168; x_wconf 88' lang='lat' dir='ltr'>rint</span> <span class='ocrx_word' id='word_1_139' title='bbox 276 2101 493 2189; x_wconf 83' lang='lat' dir='ltr'>explicaturus,</span> <span class='ocrx_word' id='word_1_140' title='bbox 505 2103 742 2189; x_wconf 76' lang='lat' dir='ltr'>premeuuerim</span> <span class='ocrx_word' id='word_1_141' title='bbox 756 2102 912 2190; x_wconf 87' lang='lat' dir='ltr'>congiaria</span> <span class='ocrx_word' id='word_1_142' title='bbox 923 2104 993 2169; x_wconf 80' lang='lat' dir='ltr'>date</span> <span class='ocrx_word' id='word_1_143' title='bbox 1002 2104 1095 2169; x_wconf 86' lang='lat' dir='ltr'>fuisse</span> <span class='ocrx_word' id='word_1_144' title='bbox 1107 2103 1193 2189; x_wconf 88' lang='lat' dir='ltr'>plebi</span> <span class='ocrx_word' id='word_1_145' title='bbox 1206 2103 1347 2183; x_wconf 80' lang='lat' dir='ltr'>Romane,</span> 
     </span>
     <span class='ocr_line' id='line_1_18' title="bbox 208 2215 1347 2301; baseline 0.001 -23"><span class='ocrx_word' id='word_1_146' title='bbox 208 2216 337 2301; x_wconf 68' lang='lat' dir='ltr'>ejusque</span> <span class='ocrx_word' id='word_1_147' title='bbox 350 2215 454 2300; x_wconf 88' lang='lat' dir='ltr'>pueris</span> <span class='ocrx_word' id='word_1_148' title='bbox 477 2218 517 2281; x_wconf 89' lang='lat' dir='ltr'>ab</span> <span class='ocrx_word' id='word_1_149' title='bbox 539 2216 705 2282; x_wconf 88' lang='lat' dir='ltr'>undecimo</span> <span class='ocrx_word' id='word_1_150' title='bbox 722 2216 819 2282; x_wconf 76' lang='lat' dir='ltr'>etatis</span> <span class='ocrx_word' id='word_1_151' title='bbox 842 2238 933 2294; x_wconf 85' lang='lat' dir='ltr'>anno,</span> <span class='ocrx_word' id='word_1_152' title='bbox 956 2238 1039 2301; x_wconf 79' lang='lat' dir='ltr'>sepe</span> <span class='ocrx_word' id='word_1_153' title='bbox 1059 2216 1153 2280; x_wconf 85' lang='lat' dir='ltr'>etiam</span> <span class='ocrx_word' id='word_1_154' title='bbox 1175 2215 1347 2281; x_wconf 87' lang='lat' dir='ltr'>mineribus:</span> 
     </span>
     <span class='ocr_line' id='line_1_19' title="bbox 206 2326 1347 2415; baseline 0 -24"><span class='ocrx_word' id='word_1_155' title='bbox 206 2326 355 2411; x_wconf 85' lang='lat' dir='ltr'>Augusto</span> <span class='ocrx_word' id='word_1_156' title='bbox 371 2327 529 2415; x_wconf 84' lang='lat' dir='ltr'>Principe,</span> <span class='ocrx_word' id='word_1_157' title='bbox 545 2327 701 2414; x_wconf 82' lang='lat' dir='ltr'>congiaria</span> <span class='ocrx_word' id='word_1_158' title='bbox 714 2328 887 2414; x_wconf 85' lang='lat' dir='ltr'>pervenisse</span> <span class='ocrx_word' id='word_1_159' title='bbox 901 2328 941 2393; x_wconf 90' lang='lat' dir='ltr'>ad</span> <span class='ocrx_word' id='word_1_160' title='bbox 957 2326 1070 2392; x_wconf 81' lang='lat' dir='ltr'>civittm</span> <span class='ocrx_word' id='word_1_161' title='bbox 1084 2327 1184 2393; x_wconf 87' lang='lat' dir='ltr'>millia</span> <span class='ocrx_word' id='word_1_162' title='bbox 1198 2350 1347 2415; x_wconf 85' lang='lat' dir='ltr'>numquam</span> 
     </span>
     <span class='ocr_line' id='line_1_20' title="bbox 207 2438 1347 2527; baseline -0.002 -22"><span class='ocrx_word' id='word_1_163' title='bbox 207 2441 310 2506; x_wconf 80' lang='lat' dir='ltr'>minus</span> <span class='ocrx_word' id='word_1_164' title='bbox 329 2439 550 2527; x_wconf 80' lang='lat' dir='ltr'>quinquaginta</span> <span class='ocrx_word' id='word_1_165' title='bbox 571 2454 604 2506; x_wconf 91' lang='lat' dir='ltr'>et</span> <span class='ocrx_word' id='word_1_166' title='bbox 625 2442 767 2506; x_wconf 85' lang='lat' dir='ltr'>ducenta.</span> <span class='ocrx_word' id='word_1_167' title='bbox 811 2438 915 2505; x_wconf 89' lang='lat' dir='ltr'>Immo</span> <span class='ocrx_word' id='word_1_168' title='bbox 938 2438 1006 2524; x_wconf 86' lang='lat' dir='ltr'>ipre</span> <span class='ocrx_word' id='word_1_169' title='bbox 1016 2462 1099 2505; x_wconf 84' lang='lat' dir='ltr'>enno</span> <span class='ocrx_word' id='word_1_170' title='bbox 1113 2440 1278 2506; x_wconf 64' lang='lat' dir='ltr'>tribunitia</span> <span class='ocrx_word' id='word_1_171' title='bbox 1297 2462 1347 2506; x_wconf 84' lang='lat' dir='ltr'>sue</span> 
     </span>
     <span class='ocr_line' id='line_1_21' title="bbox 207 2549 1347 2638; baseline -0.002 -21"><span class='ocrx_word' id='word_1_172' title='bbox 207 2551 368 2636; x_wconf 85' lang='lat' dir='ltr'>potestatis</span> <span class='ocrx_word' id='word_1_173' title='bbox 382 2552 641 2630; x_wconf 86' lang='lat' dir='ltr'>duodevicesimo,</span> <span class='ocrx_word' id='word_1_174' title='bbox 663 2552 771 2618; x_wconf 90' lang='lat' dir='ltr'>ceusul</span> <span class='ocrx_word' id='word_1_175' title='bbox 795 2572 864 2617; x_wconf 82' lang='lat' dir='ltr'>xri.</span> <span class='ocrx_word' id='word_1_176' title='bbox 888 2551 1030 2618; x_wconf 88' lang='lat' dir='ltr'>trecentis</span> <span class='ocrx_word' id='word_1_177' title='bbox 1044 2564 1077 2616; x_wconf 90' lang='lat' dir='ltr'>et</span> <span class='ocrx_word' id='word_1_178' title='bbox 1098 2549 1207 2638; x_wconf 81' lang='lat' dir='ltr'>viginti</span> <span class='ocrx_word' id='word_1_179' title='bbox 1229 2551 1347 2618; x_wconf 89' lang='lat' dir='ltr'>millibus</span> 
     </span>
     <span class='ocr_line' id='line_1_22' title="bbox 206 2661 1346 2750; baseline 0.001 -25"><span class='ocrx_word' id='word_1_180' title='bbox 206 2661 310 2747; x_wconf 90' lang='lat' dir='ltr'>plebei</span> <span class='ocrx_word' id='word_1_181' title='bbox 337 2661 470 2728; x_wconf 81' lang='lat' dir='ltr'>Urbanas</span> <span class='ocrx_word' id='word_1_182' title='bbox 492 2663 586 2728; x_wconf 89' lang='lat' dir='ltr'>dedit.</span> <span class='ocrx_word' id='word_1_183' title='bbox 630 2663 731 2728; x_wconf 75' lang='lat' dir='ltr'>Porro</span> <span class='ocrx_word' id='word_1_184' title='bbox 753 2665 836 2742; x_wconf 79' lang='lat' dir='ltr'>edm,</span> <span class='ocrx_word' id='word_1_185' title='bbox 860 2665 901 2728; x_wconf 86' lang='lat' dir='ltr'>sb</span> <span class='ocrx_word' id='word_1_186' title='bbox 922 2662 1055 2746; x_wconf 82' lang='lat' dir='ltr'>Augusti</span> <span class='ocrx_word' id='word_1_187' title='bbox 1079 2661 1346 2750; x_wconf 66' lang='lat' dir='ltr'>principatuum</span> 
     </span>
     <span class='ocr_line' id='line_1_23' title="bbox 206 2773 1344 2861; baseline -0.001 -24"><span class='ocrx_word' id='word_1_188' title='bbox 206 2773 287 2838; x_wconf 86' lang='lat' dir='ltr'>cives</span> <span class='ocrx_word' id='word_1_189' title='bbox 309 2774 340 2838; x_wconf 89' lang='lat' dir='ltr'>in</span> <span class='ocrx_word' id='word_1_190' title='bbox 355 2775 451 2840; x_wconf 88' lang='lat' dir='ltr'>tribus</span> <span class='ocrx_word' id='word_1_191' title='bbox 469 2797 593 2860; x_wconf 84' lang='lat' dir='ltr'>semper</span> <span class='ocrx_word' id='word_1_192' title='bbox 613 2775 833 2860; x_wconf 84' lang='lat' dir='ltr'>adlegerentur,</span> <span class='ocrx_word' id='word_1_193' title='bbox 858 2797 979 2860; x_wconf 87' lang='lat' dir='ltr'>semper</span> <span class='ocrx_word' id='word_1_194' title='bbox 1001 2774 1165 2861; x_wconf 84' lang='lat' dir='ltr'>ampliatus</span> <span class='ocrx_word' id='word_1_195' title='bbox 1188 2775 1228 2841; x_wconf 88' lang='lat' dir='ltr'>sit</span> <span class='ocrx_word' id='word_1_196' title='bbox 1248 2774 1344 2841; x_wconf 88' lang='lat' dir='ltr'>civium</span> 
     </span>
     <span class='ocr_line' id='line_1_24' title="bbox 206 2885 1346 2972; baseline -0.001 -24"><span class='ocrx_word' id='word_1_197' title='bbox 206 2907 363 2972; x_wconf 82' lang='lat' dir='ltr'>numerus,</span> <span class='ocrx_word' id='word_1_198' title='bbox 383 2885 503 2950; x_wconf 88' lang='lat' dir='ltr'>nullum</span> <span class='ocrx_word' id='word_1_199' title='bbox 516 2886 574 2952; x_wconf 92' lang='lat' dir='ltr'>erit</span> <span class='ocrx_word' id='word_1_200' title='bbox 594 2885 843 2972; x_wconf 74' lang='lat' dir='ltr'>amplificationis</span> <span class='ocrx_word' id='word_1_201' title='bbox 857 2885 1040 2970; x_wconf 87' lang='lat' dir='ltr'>periculum,</span> <span class='ocrx_word' id='word_1_202' title='bbox 1054 2887 1077 2951; x_wconf 87' lang='lat' dir='ltr'>si</span> <span class='ocrx_word' id='word_1_203' title='bbox 1100 2885 1119 2950; x_wconf 80' lang='lat' dir='ltr'>ti</span> <span class='ocrx_word' id='word_1_204' title='bbox 1134 2887 1156 2954; x_wconf 90' lang='lat' dir='ltr'>J</span> <span class='ocrx_word' id='word_1_205' title='bbox 1158 2886 1225 2954; x_wconf 93' lang='lat' dir='ltr'>ulio</span> <span class='ocrx_word' id='word_1_206' title='bbox 1240 2886 1346 2952; x_wconf 67' lang='lat' dir='ltr'>ceree</span> 
     </span>
     <span class='ocr_line' id='line_1_25' title="bbox 206 2997 1343 3084; baseline -0.003 -23"><span class='ocrx_word' id='word_1_207' title='bbox 206 2999 246 3061; x_wconf 84' lang='lat' dir='ltr'>ad</span> <span class='ocrx_word' id='word_1_208' title='bbox 259 2997 431 3084; x_wconf 83' lang='lat' dir='ltr'>Trajauum</span> <span class='ocrx_word' id='word_1_209' title='bbox 447 2997 602 3083; x_wconf 77' lang='lat' dir='ltr'>congiaria</span> <span class='ocrx_word' id='word_1_210' title='bbox 615 2997 753 3063; x_wconf 88' lang='lat' dir='ltr'>ducentis</span> <span class='ocrx_word' id='word_1_211' title='bbox 767 3011 800 3063; x_wconf 89' lang='lat' dir='ltr'>et</span> <span class='ocrx_word' id='word_1_212' title='bbox 814 2997 1032 3084; x_wconf 84' lang='lat' dir='ltr'>qninquaginta</span> <span class='ocrx_word' id='word_1_213' title='bbox 1042 2997 1204 3064; x_wconf 86' lang='lat' dir='ltr'>homiuum</span> <span class='ocrx_word' id='word_1_214' title='bbox 1215 2997 1343 3072; x_wconf 85' lang='lat' dir='ltr'>millibus,</span> 
     </span>
     <span class='ocr_line' id='line_1_26' title="bbox 205 3105 1344 3195; baseline -0.001 -24"><span class='ocrx_word' id='word_1_215' title='bbox 205 3105 226 3171; x_wconf 77' lang='lat' dir='ltr'>d</span> <span class='ocrx_word' id='word_1_216' title='bbox 247 3107 384 3195; x_wconf 86' lang='lat' dir='ltr'>Trajnne</span> <span class='ocrx_word' id='word_1_217' title='bbox 397 3111 434 3173; x_wconf 85' lang='lat' dir='ltr'>ad</span> <span class='ocrx_word' id='word_1_218' title='bbox 451 3109 676 3174; x_wconf 87' lang='lat' dir='ltr'>M.Aurelinrn</span> <span class='ocrx_word' id='word_1_219' title='bbox 691 3108 896 3189; x_wconf 85' lang='lat' dir='ltr'>Antoninum,</span> <span class='ocrx_word' id='word_1_220' title='bbox 918 3111 990 3174; x_wconf 78' lang='lat' dir='ltr'>edm</span> <span class='ocrx_word' id='word_1_221' title='bbox 1013 3107 1117 3174; x_wconf 86' lang='lat' dir='ltr'>Roma</span> <span class='ocrx_word' id='word_1_222' title='bbox 1141 3109 1201 3174; x_wconf 86' lang='lat' dir='ltr'>fuit</span> <span class='ocrx_word' id='word_1_223' title='bbox 1221 3111 1344 3195; x_wconf 79' lang='lat' dir='ltr'>frequen·</span> 
     </span>
     <span class='ocr_line' id='line_1_27' title="bbox 205 3217 1344 3307; baseline 0.001 -24"><span class='ocrx_word' id='word_1_224' title='bbox 205 3218 321 3284; x_wconf 89' lang='lat' dir='ltr'>tissima</span> <span class='ocrx_word' id='word_1_225' title='bbox 340 3234 374 3286; x_wconf 92' lang='lat' dir='ltr'>et</span> <span class='ocrx_word' id='word_1_226' title='bbox 397 3245 507 3306; x_wconf 78' lang='lat' dir='ltr'>magua</span> <span class='ocrx_word' id='word_1_227' title='bbox 530 3221 711 3307; x_wconf 87' lang='lat' dir='ltr'>Principum</span> <span class='ocrx_word' id='word_1_228' title='bbox 734 3219 913 3304; x_wconf 80' lang='lat' dir='ltr'>liberalitas,</span> <span class='ocrx_word' id='word_1_229' title='bbox 936 3221 1080 3286; x_wconf 87' lang='lat' dir='ltr'>trecentis</span> <span class='ocrx_word' id='word_1_230' title='bbox 1101 3217 1239 3286; x_wconf 87' lang='lat' dir='ltr'>millibus</span> <span class='ocrx_word' id='word_1_231' title='bbox 1253 3240 1344 3306; x_wconf 81' lang='lat' dir='ltr'>perve-</span> 
     </span>
     <span class='ocr_line' id='line_1_28' title="bbox 204 3329 1341 3418; baseline -0.004 -22"><span class='ocrx_word' id='word_1_232' title='bbox 204 3331 285 3396; x_wconf 86' lang='lat' dir='ltr'>nisse</span> <span class='ocrx_word' id='word_1_233' title='bbox 307 3331 543 3418; x_wconf 83' lang='lat' dir='ltr'>cemputaveris.</span> <span class='ocrx_word' id='word_1_234' title='bbox 589 3331 705 3397; x_wconf 76' lang='lat' dir='ltr'>Posteri</span> <span class='ocrx_word' id='word_1_235' title='bbox 729 3331 777 3398; x_wconf 89' lang='lat' dir='ltr'>vel</span> <span class='ocrx_word' id='word_1_236' title='bbox 799 3332 961 3398; x_wconf 89' lang='lat' dir='ltr'>imminuta</span> <span class='ocrx_word' id='word_1_237' title='bbox 984 3331 1078 3398; x_wconf 89' lang='lat' dir='ltr'>Urbis</span> <span class='ocrx_word' id='word_1_238' title='bbox 1100 3333 1279 3418; x_wconf 81' lang='lat' dir='ltr'>frequentia,</span> <span class='ocrx_word' id='word_1_239' title='bbox 1305 3329 1341 3394; x_wconf 82' lang='lat' dir='ltr'>rel</span> 
     </span>
     <span class='ocr_line' id='line_1_29' title="bbox 204 3439 1342 3528; baseline -0.004 -20"><span class='ocrx_word' id='word_1_240' title='bbox 204 3443 348 3508; x_wconf 76' lang='lat' dir='ltr'>idseicta</span> <span class='ocrx_word' id='word_1_241' title='bbox 362 3442 544 3528; x_wconf 89' lang='lat' dir='ltr'>Principum</span> <span class='ocrx_word' id='word_1_242' title='bbox 558 3443 733 3523; x_wconf 86' lang='lat' dir='ltr'>liberalitas,</span> <span class='ocrx_word' id='word_1_243' title='bbox 750 3457 784 3510; x_wconf 89' lang='lat' dir='ltr'>ut</span> <span class='ocrx_word' id='word_1_244' title='bbox 805 3467 877 3508; x_wconf 87' lang='lat' dir='ltr'>mox</span> <span class='ocrx_word' id='word_1_245' title='bbox 897 3443 927 3508; x_wconf 91' lang='lat' dir='ltr'>iu</span> <span class='ocrx_word' id='word_1_246' title='bbox 944 3443 1096 3528; x_wconf 87' lang='lat' dir='ltr'>Septimio</span> <span class='ocrx_word' id='word_1_247' title='bbox 1112 3444 1230 3510; x_wconf 88' lang='lat' dir='ltr'>Severo</span> <span class='ocrx_word' id='word_1_248' title='bbox 1244 3439 1342 3508; x_wconf 84' lang='lat' dir='ltr'>videbi·</span> 
     </span>
     <span class='ocr_line' id='line_1_30' title="bbox 204 3551 1339 3640; baseline -0.004 -22"><span class='ocrx_word' id='word_1_249' title='bbox 204 3577 283 3618; x_wconf 89' lang='lat' dir='ltr'>mus.</span> <span class='ocrx_word' id='word_1_250' title='bbox 327 3553 373 3620; x_wconf 87' lang='lat' dir='ltr'>At</span> <span class='ocrx_word' id='word_1_251' title='bbox 390 3555 473 3621; x_wconf 69' lang='lat' dir='ltr'>certe</span> <span class='ocrx_word' id='word_1_252' title='bbox 487 3569 553 3620; x_wconf 90' lang='lat' dir='ltr'>tum</span> <span class='ocrx_word' id='word_1_253' title='bbox 568 3554 660 3620; x_wconf 89' lang='lat' dir='ltr'>etiam</span> <span class='ocrx_word' id='word_1_254' title='bbox 681 3554 836 3640; x_wconf 84' lang='lat' dir='ltr'>congiaria</span> <span class='ocrx_word' id='word_1_255' title='bbox 851 3569 975 3622; x_wconf 89' lang='lat' dir='ltr'>centum</span> <span class='ocrx_word' id='word_1_256' title='bbox 989 3551 1207 3640; x_wconf 84' lang='lat' dir='ltr'>quinquaginta</span> <span class='ocrx_word' id='word_1_257' title='bbox 1222 3551 1339 3618; x_wconf 84' lang='lat' dir='ltr'>millibus</span> 
     </span>
     <span class='ocr_line' id='line_1_31' title="bbox 202 3665 1339 3752; baseline -0.004 -22"><span class='ocrx_word' id='word_1_258' title='bbox 202 3665 361 3730; x_wconf 86' lang='lat' dir='ltr'>hominum</span> <span class='ocrx_word' id='word_1_259' title='bbox 384 3690 559 3752; x_wconf 85' lang='lat' dir='ltr'>pervenere.</span> <span class='ocrx_word' id='word_1_260' title='bbox 605 3667 707 3732; x_wconf 91' lang='lat' dir='ltr'>lmme</span> <span class='ocrx_word' id='word_1_261' title='bbox 732 3667 780 3732; x_wconf 86' lang='lat' dir='ltr'>his</span> <span class='ocrx_word' id='word_1_262' title='bbox 802 3667 971 3732; x_wconf 87' lang='lat' dir='ltr'>rationibus</span> <span class='ocrx_word' id='word_1_263' title='bbox 985 3665 1160 3752; x_wconf 76' lang='lat' dir='ltr'>plurimum</span> <span class='ocrx_word' id='word_1_264' title='bbox 1181 3666 1339 3730; x_wconf 86' lang='lat' dir='ltr'>minuentur</span> 
     </span>
     <span class='ocr_line' id='line_1_32' title="bbox 203 3775 1337 3864; baseline -0.005 -23"><span class='ocrx_word' id='word_1_265' title='bbox 203 3776 431 3861; x_wconf 59' lang='lat' dir='ltr'>congerierum</span> <span class='ocrx_word' id='word_1_266' title='bbox 459 3779 615 3864; x_wconf 80' lang='lat' dir='ltr'>impense.</span> <span class='ocrx_word' id='word_1_267' title='bbox 659 3779 777 3844; x_wconf 83' lang='lat' dir='ltr'>Verum</span> <span class='ocrx_word' id='word_1_268' title='bbox 808 3779 942 3844; x_wconf 89' lang='lat' dir='ltr'>minuere</span> <span class='ocrx_word' id='word_1_269' title='bbox 973 3777 1086 3862; x_wconf 82' lang='lat' dir='ltr'>potius,</span> <span class='ocrx_word' id='word_1_270' title='bbox 1123 3775 1217 3862; x_wconf 79' lang='lat' dir='ltr'>quvlm</span> <span class='ocrx_word' id='word_1_271' title='bbox 1244 3793 1337 3858; x_wconf 83' lang='lat' dir='ltr'>augere</span> 
     </span>
     <span class='ocr_line' id='line_1_33' title="bbox 203 3873 1399 3976; baseline -0.003 -25"><span class='ocrx_word' id='word_1_272' title='bbox 203 3873 340 3974; x_wconf 74' lang='lat' dir='ltr'>expedit.</span> <span class='ocrx_word' id='word_1_273' title='bbox 382 3886 538 3954; x_wconf 86' lang='lat' dir='ltr'>Immensa</span> <span class='ocrx_word' id='word_1_274' title='bbox 551 3891 651 3955; x_wconf 87' lang='lat' dir='ltr'>adbuc</span> <span class='ocrx_word' id='word_1_275' title='bbox 666 3903 810 3975; x_wconf 81' lang='lat' dir='ltr'>exsurget</span> <span class='ocrx_word' id='word_1_276' title='bbox 825 3889 1022 3976; x_wconf 81' lang='lat' dir='ltr'>pecuniarum</span> <span class='ocrx_word' id='word_1_277' title='bbox 1045 3911 1167 3953; x_wconf 84' lang='lat' dir='ltr'>semma</span> <span class='ocrx_word' id='word_1_278' title='bbox 1187 3889 1217 3952; x_wconf 89' lang='lat' dir='ltr'>in</span> <span class='ocrx_word' id='word_1_279' title='bbox 1231 3885 1336 3970; x_wconf 84' lang='lat' dir='ltr'>eongia-</span> <span class='ocrx_word' id='word_1_280' title='bbox 1398 3947 1399 3966; x_wconf 25' lang='lat' dir='ltr'>p</span> 
     </span>
     <span class='ocr_line' id='line_1_34' title="bbox 200 3984 1335 4088; baseline 0 -26"><span class='ocrx_word' id='word_1_281' title='bbox 200 3999 252 4071; x_wconf 77' lang='lat' dir='ltr'>siis</span> <span class='ocrx_word' id='word_1_282' title='bbox 266 4021 412 4084; x_wconf 80' lang='lat' dir='ltr'>expense.</span> <span class='ocrx_word' id='word_1_283' title='bbox 447 4001 551 4080; x_wconf 84' lang='lat' dir='ltr'>Adde,</span> <span class='ocrx_word' id='word_1_284' title='bbox 567 4016 603 4068; x_wconf 93' lang='lat' dir='ltr'>ut</span> <span class='ocrx_word' id='word_1_285' title='bbox 616 4001 892 4088; x_wconf 77' lang='lat' dir='ltr'>Imperatoriarum</span> <span class='ocrx_word' id='word_1_286' title='bbox 905 3999 1101 4086; x_wconf 81' lang='lat' dir='ltr'>largitionum</span> <span class='ocrx_word' id='word_1_287' title='bbox 1116 3999 1178 4064; x_wconf 89' lang='lat' dir='ltr'>vim</span> <span class='ocrx_word' id='word_1_288' title='bbox 1193 3984 1335 4081; x_wconf 77' lang='lat' dir='ltr'>intelligas,</span> 
     </span>
     <span class='ocr_line' id='line_1_35' title="bbox 200 4110 1334 4200; baseline 0 -27"><span class='ocrx_word' id='word_1_289' title='bbox 200 4111 461 4196; x_wconf 74' lang='lat' dir='ltr'>quemadmodum</span> <span class='ocrx_word' id='word_1_290' title='bbox 477 4115 596 4199; x_wconf 89' lang='lat' dir='ltr'>populo</span> <span class='ocrx_word' id='word_1_291' title='bbox 617 4114 782 4200; x_wconf 80' lang='lat' dir='ltr'>congiaria,</span> <span class='ocrx_word' id='word_1_292' title='bbox 797 4113 841 4178; x_wconf 88' lang='lat' dir='ltr'>sie</span> <span class='ocrx_word' id='word_1_293' title='bbox 858 4111 1006 4180; x_wconf 84' lang='lat' dir='ltr'>militibus</span> <span class='ocrx_word' id='word_1_294' title='bbox 1020 4111 1163 4178; x_wconf 85' lang='lat' dir='ltr'>donativa</span> <span class='ocrx_word' id='word_1_295' title='bbox 1177 4110 1264 4176; x_wconf 85' lang='lat' dir='ltr'>luisse</span> <span class='ocrx_word' id='word_1_296' title='bbox 1277 4127 1334 4192; x_wconf 77' lang='lat' dir='ltr'>prn-</span> 
     </span>
     <span class='ocr_line' id='line_1_36' title="bbox 201 4216 1332 4313; baseline 0.001 -28"><span class='ocrx_word' id='word_1_297' title='bbox 201 4220 312 4313; x_wconf 85' lang='lat' dir='ltr'>posita‚</span> <span class='ocrx_word' id='word_1_298' title='bbox 337 4245 375 4286; x_wconf 92' lang='lat' dir='ltr'>ac</span> <span class='ocrx_word' id='word_1_299' title='bbox 402 4226 533 4310; x_wconf 83' lang='lat' dir='ltr'>majores</span> <span class='ocrx_word' id='word_1_300' title='bbox 567 4225 748 4312; x_wconf 87' lang='lat' dir='ltr'>plerumque</span> <span class='ocrx_word' id='word_1_301' title='bbox 773 4226 805 4290; x_wconf 90' lang='lat' dir='ltr'>in</span> <span class='ocrx_word' id='word_1_302' title='bbox 829 4223 990 4306; x_wconf 83' lang='lat' dir='ltr'>donativis,</span> <span class='ocrx_word' id='word_1_303' title='bbox 1015 4223 1109 4311; x_wconf 72' lang='lat' dir='ltr'>quim</span> <span class='ocrx_word' id='word_1_304' title='bbox 1136 4224 1168 4290; x_wconf 91' lang='lat' dir='ltr'>iu</span> <span class='ocrx_word' id='word_1_305' title='bbox 1191 4216 1332 4305; x_wconf 73' lang='lat' dir='ltr'>congiariis</span> 
     </span>
     <span class='ocr_line' id='line_1_37' title="bbox 201 4331 1330 4424; baseline 0.001 -22"><span class='ocrx_word' id='word_1_306' title='bbox 201 4331 356 4418; x_wconf 82' lang='lat' dir='ltr'>impensas</span> <span class='ocrx_word' id='word_1_307' title='bbox 382 4335 485 4402; x_wconf 77' lang='lat' dir='ltr'>fnisse</span> <span class='ocrx_word' id='word_1_308' title='bbox 530 4337 593 4404; x_wconf 87' lang='lat' dir='ltr'>His</span> <span class='ocrx_word' id='word_1_309' title='bbox 621 4338 819 4424; x_wconf 72' lang='lat' dir='ltr'>premendis,</span> <span class='ocrx_word' id='word_1_310' title='bbox 848 4337 1013 4422; x_wconf 82' lang='lat' dir='ltr'>scriptores</span> <span class='ocrx_word' id='word_1_311' title='bbox 1041 4351 1168 4418; x_wconf 86' lang='lat' dir='ltr'>veteres,</span> <span class='ocrx_word' id='word_1_312' title='bbox 1199 4351 1330 4418; x_wconf 57' lang='lat' dir='ltr'>uuqunoss</span> 
     </span>
    </p>
   </div>
   <div class='ocr_carea' id='block_1_3' title="bbox 0 0 1434 4950">
    <p class='ocr_par' dir='ltr' id='par_1_5' title="bbox 0 0 1434 4950">
     <span class='ocr_line' id='line_1_38' title="bbox 0 0 1434 4950; baseline 0 6"><span class='ocrx_word' id='word_1_313' title='bbox 0 0 1434 4950; x_wconf 95' lang='lat' dir='ltr'> </span> 
     </span>
    </p>
   </div>
  </div>
 </body>
</html>
