2859 4950
234 298 302 363 ,tro
522 293 670 389 ‘uorn
691 290 1098 359 nrcuaunsuouns

285 444 335 512 Et
353 446 441 514 solvo
465 448 633 537 utriusque.
676 449 803 517 Frustra
830 460 926 517 tentat
955 448 1092 537 lipsius,
1110 460 1140 517 et
1157 472 1216 517 suo
1236 450 1395 540 utriusque

234 559 395 647 imperis.

287 782 378 847 Cae.
400 792 453 849 93.
480 782 584 867 Vitiis,
611 785 715 874 qndm.
761 786 839 850 MS.
862 784 1029 869 Bamberg.
1057 785 1140 863 nino,
1165 782 1263 871 quom
1293 786 1398 849 απιιὲι.

240 894 336 969 Quod
350 894 489 961 nonnulli
503 901 647 983 probant,
661 900 716 963 sed
730 894 893 964 immeritb.
937 895 1097 982 Frigidum
1118 896 1202 963 enim
1224 908 1287 962 est.
1333 896 1398 963 Iste

151 1096 154 1101 Ι
237 1005 340 1092 agitur
349 1008 389 1072 de
402 1008 559 1075 ebrietatis
572 1010 662 1075 vitiis.

283 1224 375 1291 Cur.
390 1236 443 1293 24.
465 1226 577 1293 Artem
596 1228 737 1314 paravit.
783 1226 870 1291 Beni
889 1226 1056 1293 Rhenanus
1070 1226 1088 1293 ὲ
1103 1225 1187 1292 Cod.
1203 1224 1321 1312 Kapp.
1367 1224 1401 1290 In

237 1338 393 1402 veteribus
406 1337 601 1417 editionibus,
610 1350 721 1424 porat.

281 1448 397 1515 Aleum
415 1450 517 1537 (quod
532 1450 671 1532 mirere).
715 1448 804 1516 Beud
827 1448 906 1516 MS.
919 1448 1022 1515 vatic.
1044 1458 1141 1525 4498.
1156 1460 1187 1513 et
1203 1448 1283 1514 libri
1296 1470 1402 1513 omnes

237 1558 323 1625 editi.
367 1558 406 1623 ln
429 1562 508 1627 MS.
527 1561 635 1628 Vatic.'
655 1570 747 1628 1518.
769 1560 909 1627 miretur.
953 1560 1032 1627 MS.
1051 1559 1401 1635 Vatic.2964.Aleou

236 1672 371 1761 quiderm
384 1673 468 1761 qaod
479 1674 598 1739 mirere.

285 1781 366 1849 com
379 1784 484 1849 omnio
499 1783 685 1873 defecerunt.
729 1785 808 1851 MS.
822 1784 931 1851 Tutic.
945 1783 1123 1875 defecerint.

286 1894 438 1963 Quamvis
451 1898 575 1984 junior.
620 1896 671 1963 Ita
689 1896 759 1962 libri
787 1920 894 1965 ornnes
923 1897 1007 1963 editi.
1051 1895 1090 1961 ln
1112 1896 1217 1963 MSS.
1239 1897 1355 1964 Vatic.
1376 1913 1401 1963 et

241 2006 324 2073 cod.
339 2007 446 2095 Kapp.
454 2010 615 2097 juvenior.
659 2008 693 2073 N
696 2033 737 2074 on
751 2010 793 2075 ita
806 2009 920 2075 mirum
933 2021 980 2075 est
995 2010 1181 2091 Germanos,
1204 2008 1278 2075 ludi
1301 2014 1401 2075 surore

90 2154 104 2173 ·
239 2131 337 2200 actos,
362 2119 562 2187 voluntariam
586 2121 764 2187 servitutem
786 2122 914 2203 adiisse3
950 2122 1033 2201 cbm,
1060 2120 1159 2187 multa
1179 2135 1262 2207 poet
1291 2122 1401 2199 secula,

239 2230 315 2297 licet
323 2230 429 2317 religio
440 2232 629 2310 accessisset,
639 2233 873 2320 humanitasque
882 2246 975 2320 atque
989 2253 1067 2319 opes
1080 2232 1252 2313 auxissent,
1262 2233 1402 2299 homines

238 2342 363 2426 ingenui
391 2356 423 2409 et
447 2367 509 2409 suae
532 2344 640 2409 inentis
662 2358 835 2429 compotes,
857 2344 971 2431 seipsi
1000 2340 1174 2423 vendeient
1198 2356 1232 2409 et
1265 2345 1412 2411 servius

237 2454 457 2541 manciparent.
501 2456 576 2530 Qut
604 2458 643 2521 de
670 2479 704 2520 re
728 2456 806 2522 inter
829 2470 946 2522 veteres
975 2454 1147 2537 Formulas,
1175 2455 1339 2522 solemnis
1363 2473 1401 2522 est

238 2566 387 2656 formula
403 2588 457 2632 ιιι.
501 2568 646 2634 Venditio
659 2569 698 2633 de
711 2569 900 2655 semetipso:
925 2568 1055 2657 qualiter
1067 2568 1164 2634 homo
1174 2567 1261 2634 liber
1276 2593 1400 2636 venum·

238 2680 338 2744 detur.
382 2679 562 2744 “Domino
582 2703 704 2765 semper
718 2677 788 2745 ineo
803 2679 857 2745 illo
881 2681 927 2745 N.
952 2680 1024 2766 Ego
1039 2678 1090 2744 ille
1107 2679 1152 2744 N.
1169 2679 1306 2746 Placuit
1322 2683 1412 2758 mibi.

237 2803 275 2856 ut
289 2795 391 2856 statim
403 2791 596 2875 ingenuitatis
607 2815 683 2858 meae
692 2792 723 2856 in
739 2805 874 2858 vestrum
888 2785 1032 2858 deberem
1048 2791 1217 2856 obnoxiare
1226 2792 1397 2860 servitium
1411 2845 1412 2874 ,

238 2901 336 2976 Quod
356 2901 444 2968 itaet
466 2902 537 2966 ieci.
579 2901 673 2968 Unde
694 2905 800 2989 accepi
824 2901 843 2968 d
865 2916 896 2970 te
917 2902 1062 2989 pretium,
1082 2902 1214 2990 inquod
1227 2903 1313 2970 mibi
1331 2905 1398 2970 beni

238 3013 439 3099 complacuit,
453 3012 568 3082 solidos
588 3027 706 3096 tantos3
729 3015 771 3080 ita
792 3029 826 3080 ut
849 3018 890 3081 ab
904 3015 1054 3080 hodiemlt
1068 3014 1116 3078 die
1130 3013 1285 3101 quicquid
1301 3019 1344 3082 de
1356 3039 1397 3081 me

238 3149 327 3192 servo
342 3140 408 3206 tuo,
431 3126 510 3191 sicut
523 3128 561 3190 de
575 3125 693 3212 reliqua
715 3125 869 3213 mancipia
890 3141 943 3192 tua
961 3124 1116 3204 (barbari
1137 3125 1259 3190 dictum
1278 3151 1344 3213 pro
1367 3129 1396 3190 de

237 3238 362 3326 reliquis
386 3237 548 3323 mancipiis
567 3238 644 3322 tuis)
666 3241 768 3304 facere
796 3237 943 3318 voluntis,
971 3236 991 3302 d
1018 3236 1068 3302 die
1091 3251 1246 3322 praesente
1270 3209 1412 3304 libertini

236 3349 352 3415 habeas
362 3363 559 3435 potestatem.
604 3349 648 3414 Et
662 3351 747 3436 quod
760 3349 827 3414 fieri
840 3373 901 3416 nou
916 3351 1018 3428 credo,
1030 3347 1055 3412 si
1067 3347 1160 3413 fuerit
1174 3347 1241 3414 ulla
1256 3351 1394 3438 quislibet

237 3483 372 3553 persona
392 3461 445 3548 qui
469 3475 577 3527 contra
597 3462 675 3526 hanc
694 3461 912 3540 venditionem,
934 3483 1027 3547 quarn
1049 3483 1109 3544 ego
1132 3459 1203 3524 med
1226 3461 1393 3546 spontanei

237 3565 396 3647 iloluntate
415 3573 483 3637 fieri
504 3573 617 3657 rogati,
639 3573 692 3659 qui
711 3587 817 3638 contra
833 3595 901 3638 eam
924 3570 1038 3659 aliquid
1060 3594 1151 3655 agere
1164 3583 1196 3636 et
1209 3573 1392 3640 calumniam
1411 3591 1412 3608 ³

234 3705 384 3769 'generare
398 3683 561 3763 conaverit,
585 3684 672 3763 illud,
688 3686 772 3772 quod
795 3683 919 3770 repetit,
942 3705 1005 3749 non
1019 3681 1163 3764 vindicet,
1176 3695 1208 3748 et
1221 3697 1340 3750 contm
1352 3681 1392 3748 cni

238 3789 325 3863 litem
350 3795 496 3876 intulerit,
525 3796 590 3860 auri
618 3797 698 3863 libra
726 3819 797 3876 una,
827 3795 942 3882 argenti
970 3796 1077 3880 pondo
1106 3793 1242 3881 quinque
1272 3809 1412 3862 coactus

239 3905 396 3972 exsolvat:
418 3922 450 3973 et
462 3909 529 3972 baec
544 3909 678 3974 venditio
692 3909 782 3973 firma
793 3885 999 3994 permaneat.”
1044 3903 1128 3970 Duae
1139 3928 1253 3990 nempe
1268 3921 1344 3974 sunt
1353 3929 1389 3970 res
1411 3897 1412 3952 3

235 4018 324 4103 ,apud
336 4019 476 4084 homines
493 4018 697 4098 validissime,
711 4018 808 4084 libido
824 4030 856 4084 et
869 4016 1043 4084 necessitas.
1087 4015 1133 4082 Ut
1151 4015 1273 4082 libidini
1286 4039 1388 4082 consu·

239 4126 348 4211 lerent,
377 4119 641 4198 servitutem'non
660 4131 899 4197 reformidabant
918 4126 1081 4195 Germani.
1126 4129 1246 4214 Sponte
1271 4149 1384 4217 quoque

238 4239 324 4330 illam
338 4240 472 4324 adibant,
488 4267 526 4308 ne
536 4243 623 4330 inopi
637 4243 810 4311 necessitati
824 4242 1067 4310 succumberent.
