2859 4950
245 230 288 297 64
605 226 641 287 C.
661 224 861 287 CORNELII
881 222 1017 286 TAClTl

155 431 161 442 ·
247 382 376 463 vertice
396 381 564 484 religant:
590 379 762 479 principes
778 396 812 457 et
828 376 1035 455 ornatiorem
1050 375 1224 455 habentr'
1248 400 1289 453 en
1308 400 1382 454 eure

247 502 385 590 formet,
408 500 471 573 sed
495 496 657 571 innoxiae.
707 496 837 595 Neque
862 494 953 569 enim
970 510 1009 567 ut
1026 512 1141 569 ament
1167 508 1380 587 mnenturv03

248 620 286 693 in
311 616 525 693 altitudinem
550 614 738 711 quemdam
754 628 789 685 et
805 630 987 701 terrorem,
1011 609 1135 685 edituri
1149 610 1255 700 bella,
1278 604 1383 701 cdmti,

249 751 289 809 ut
304 731 455 808 hostium
471 730 607 818 oculis‚²
632 744 813 802 ornantur.
1127 733 1129 742 ’

299 972 360 1038 39.
386 970 412 1007 “
436 965 747 1035 Verusmssmos
778 984 815 1033 se
846 957 1145 1057 nobilissimosque
1171 956 1381 1033 Suevorum”

250 1082 461 1157 Semnones³
478 1092 682 1151 memorant.
733 1074 834 1149 Fides
856 1072 1083 1171 antiquitatis,
1098 1072 1265 1173 religione
1282 1074 1382 1147 limm-

248 1214 316 1269 tur.
366 1196 463 1269 Statu
486 1210 642 1288 tempore
657 1192 692 1263 in
708 1191 854 1289 sylvam,
878 1188 1030 1289 auguriis
1046 1194 1209 1287 patrum⁴
1234 1206 1276 1289 et,
1284 1188 1382 1286 prisci

253 1309 439 1385 formidine
459 1332 603 1397 sacram,
628 1330 749 1381 omnes
766 1308 920 1405 ejusdem
935 1306 1108 1406 sanguinis
1124 1304 1245 1403 populi
1262 1302 1384 1405 legatio·

255 1426 357 1499 mlius
382 1438 520 1511 coeunt,
545 1446 706 1521 caesoque
733 1420 871 1519 publici
897 1420 1038 1495 homine
1066 1421 1241 1499 celebrant
1267 1416 1386 1493 barbari

132 1556 136 1567 ‘
256 1540 346 1615 n'ttts
361 1538 534 1612 horrenda
550 1537 747 1633 primordia.
765 1538 835 1611 'Est
847 1554 882 1611 et
892 1536 955 1612 alia
967 1538 1046 1611 luco
1059 1536 1260 1611 reverentia.
1285 1537 1387 1609 Nemo

255 1654 321 1731 nisi
353 1642 491 1725 vinculo
517 1653 640 1750 ligatus
665 1652 869 1751 ingreditur,
907 1668 946 1724 ut
974 1651 1100 1741 minor,
1138 1668 1171 1725 et
1200 1668 1386 1749 potestatem

257 1768 408 1845 numinis
436 1792 509 1864 prae
534 1792 572 1839 se
597 1764 732 1841 ferens:
769 1766 797 1841 si
823 1764 914 1839 forte
943 1767 1121 1864 prolapsus
1147 1784 1211 1857 est,
1236 1764 1341 1840 attolli
1362 1778 1388 1835 et

256 1885 436 1982 insurgere
464 1881 558 1955 haud
587 1881 739 1954 licitum:
766 1905 830 1979 per
857 1881 1004 1955 humum
1033 1881 1263 1955 evolvuntur:
1290 1880 1387 1977 eoque

191 2004 198 2016 “
258 1997 371 2072 omnis
394 1997 586 2097 superstitio
612 1998 761 2093 respicit,
785 2016 961 2097 tamquam
987 1998 1067 2071 inde
1092 1997 1184 2071 initia
1208 1994 1331 2097 gentis,
1352 1991 1388 2065 toi

258 2112 422 2213 regmtor
449 2114 605 2187 omnium
632 2116 757 2205 Deus,⁵
784 2132 897 2189 cetera
928 2116 1079 2212 subjecta
1107 2119 1210 2210 atque
1240 2108 1387 2209 parentis

260 2229 389 2327 Adjicit
416 2228 652 2303 auctoritatem
680 2226 821 2303 fortuna
846 2232 1082 2303 Semnonum:
1119 2245 1261 2301 centum
1286 2216 1388 2325 pagis⁶

253 2344 477 2446 ‘habitantum
502 2368 700 2443 stagnoque
729 2370 875 2445 corpore
904 2345 1061 2433 efficitur,
1087 2360 1125 2415 ut
1150 2368 1187 2416 se
1210 2344 1388 2430 Suevorum

261 2479 363 2560 caput
380 2460 532 2535 credant.
619 2547 627 2552 ,

304 2669 314 2695 ¹
328 2669 504 2728 Omaliorcm
517 2669 629 2730 hubent.
650 2674 808 2750 Capillum,
860 2694 919 2751 quo
933 2669 1016 2752 poeti
1027 2691 1140 2730 versus:

264 2751 808 2828 nonretmetinoccipite,sedinso·
938 2805 956 2843 ,·
1169 2799 1211 2842 ,ἅ
1298 2797 1390 2838 m

265 2833 294 2888 lo
327 2829 441 2902 vertice,
474 2829 634 2906 religatum,
665 2834 808 2912 principes
857 2805 966 2902 ‘³¹22ss‘'
980 2807 1076 2855 'mmm
1094 2807 1116 2860 ’ρ
1132 2813 1195 2855 prisc
1223 2801 1301 2853 mm

263 2911 433 2970 omatiorem
448 2909 561 2970 hebent

303 2987 319 3015 ²
338 2991 380 3049 Ut
400 2989 518 3048 hostium
537 2991 635 3050 oculis.
676 2977 743 3050 Nori
765 3013 809 3050 or·
902 2991 1205 3072 ⁵Regnotoromnittm
1219 2995 1308 3052 Deus·
1333 2989 1391 3046 Hm

264 3083 369 3128 nentur
386 3083 421 3126 ut
441 3083 536 3128 numnt
557 3085 732 3142 omentum,
761 3075 809 3131 sed
862 3087 903 3131 est
925 3075 1016 3150 prima
1040 3075 1187 3132 hominum
1212 3075 1289 3138 fides,
1319 3071 1392 3126 liee-

267 3149 442 3208 uthostium
464 3149 556 3208 oculis
574 3153 755 3212 terribiliores
769 3156 810 3210 vi·
860 3173 986 3214 uiros
1017 3171 1175 3214 ortururr
1209 3156 1317 3222 Deus,
1352 3143 1390 3203 cui

267 3231 397 3300 deantur,
413 3229 539 3288 cruribus
551 3231 581 3288 in
593 3232 666 3291 harre
680 3233 810 3292 altitudi·
857 3249 951 3294 cetum
972 3236 1104 3310 subjecta
1117 3245 1183 3294 suut
1196 3246 1286 3311 etque
1305 3243 1388 3308 puren-

266 3330 330 3368 uem
345 3323 535 3386 terroremque
550 3315 662 3371 comtis.
863 3315 911 3373 titt.
955 3301 1023 3384 Qud
1043 3315 1206 3392 antiquiora
1224 3325 1290 3373 sunt
1306 3321 1334 3368 et
1349 3306 1394 3364 sin·

307 3386 494 3450 'Semnones
529 3393 812 3469 UttsniqueVindri,
865 3397 975 3453 cerium
1000 3397 1125 3471 gentium
1150 3401 1338 3460 monumento,
1366 3382 1392 3442 οὐ

233 3489 241 3499 ·
267 3469 314 3528 the
347 3469 433 3540 Odtr,
458 3473 559 3549 ripam,
584 3491 661 3532 nunc
683 3482 752 3550 part
780 3475 816 3552 of
867 3476 1004 3534 illustrior
1022 3477 1136 3552 effulget
1156 3474 1310 3534 divinitatis
1329 3483 1394 3524 lunt*-

261 3551 443 3616 Pammenia,
456 3551 670 3632 lirendrodurg
680 3555 738 3611 ond
752 3553 809 3612 Lu·
867 3558 948 3620 tutio,
964 3555 1088 3612 maxime
1102 3558 1179 3632 apud
1195 3555 1324 3633 Scythes,
1337 3563 1395 3626 ‘11¹⁰'

260 3631 476 3699 eminentiore
490 3633 651 3692 Semnones.
680 3633 810 3692 Veterem
867 3654 930 3694 rum
948 3653 1074 3712 propago
1087 3649 1167 3694 erunt
1180 3633 1327 3700 Germani.
1361 3627 1396 3680 tii

262 3717 440 3774 Semnonum
458 3711 576 3786 gloriam
589 3715 673 3772 luctis
684 3716 812 3792 scriptis·
865 3715 884 3774 l
896 3735 970 3792 puro
984 3716 1165 3793 simplicique
1181 3717 1265 3776 cultu
1279 3715 1317 3770 ita
1329 3708 1394 3780 dege·

259 3812 322 3872 que
334 3792 498 3863 illustravit,
519 3795 664 3870 magisque
674 3813 708 3852 ac
723 3795 811 3868 magis
866 3808 1031 3853 iteraverunt
1045 3799 1206 3868 Semnones,
1220 3807 1253 3856 ut
1264 3805 1292 3851 et
1303 3793 1394 3849 secrssl⁰

260 3874 291 3933 iu
325 3871 384 3930 dies
412 3871 537 3930 illustrat
566 3875 733 3932 l'redericus
754 3876 811 3932 lll.
866 3876 963 3954 sylves,
984 3877 1019 3934 de
1044 3897 1102 3954 quo
1112 3879 1175 3954 jum
1195 3895 1282 3955 supro
1301 3867 1394 3944 cop-9·

261 3953 389 4014 Prussiae
421 3971 483 4024 rex,
524 3973 610 4028 quem
644 3953 811 4031 appulisse,
869 3957 1121 4030 etcaesohominc,
1135 3949 1394 4030 barbaresupplicv

253 4031 396 4094 ,laudtisse
407 4046 458 4090 est.
490 4033 566 4090 Vide
574 4029 727 4092 Me'moircs
738 4055 811 4110 pour
869 4049 938 4094 rent.

257 4117 355 4175 streis·
367 4113 385 4170 d
398 4112 418 4170 Γ
421 4113 553 4172 Histoire
566 4113 599 4171 dc
610 4115 639 4173 lu
648 4115 764 4174 oraison
778 4117 811 4174 de
905 4111 920 4145 ⁶
940 4115 1055 4179 Centum
1074 4118 1169 4196 prgis.
1210 4118 1256 4176 Ne
1269 4108 1394 4172 existimes

259 4194 479 4270 Brenn'elrourg,
499 4212 527 4269 p.
541 4199 610 4261 292.
867 4195 952 4256 fuisse
974 4199 1072 4270 vicos,
1087 4199 1225 4277 Villager,
1248 4195 1293 4261 sed
1315 4201 1396 4269 pagos,

298 4273 611 4352 ⁴Auguriirputrum.
654 4273 700 4330 Ex
715 4273 810 4332 imita·
867 4278 1033 4337 Hundredr.
1071 4281 1147 4338 Vide
1160 4299 1226 4358 quae
1239 4285 1331 4338 notata
1342 4275 1395 4324 suut

227 4426 232 4436 .
257 4357 334 4418 tione
348 4352 526 4432 virgiliani,
545 4365 597 4414 sut
608 4374 645 4414 ex
657 4356 743 4412 veteri
757 4355 810 4414 eli·
835 4386 840 4422 ι
863 4376 952 4436 supra
965 4378 1031 4437 cup.
1046 4355 1076 4418 6.
