2859 4950
212 306 274 361 340
617 292 958 357 SUPPLEMENTUM
1154 299 1283 361 A.U.C.
1296 306 1354 373 794.
1408 368 1409 395 3

213 458 344 533 scelera
359 471 455 529 tanto
471 451 634 551 paratior,
651 468 781 549 quanto
795 449 946 529 fortunae
956 450 1159 529 insolentior
1175 472 1211 529 et
1226 456 1354 531 avidior.
1408 520 1409 529 ,

213 572 418 671 Isperfidiae
436 570 587 643 dedecus
602 566 737 641 velabat
764 566 841 641 falsi
865 568 1037 643 incertum
1063 594 1108 643 an
1124 570 1197 643 veri
1220 572 1357 647 crinunis
1408 578 1409 585 ’

213 688 403 775 atrocitate,
435 684 564 759 scilicet
593 682 720 759 Caium
753 683 816 757 sibi
845 683 1046 781 imperisse,
1074 693 1100 731 ‘⁶
1117 702 1157 761 ut
1184 687 1360 764 Claudium

216 811 243 849 ‘⁴
267 828 403 881 veneno
419 800 596 877 tolleres’·

267 1044 327 1116 75.
353 1038 504 1111 Tnurn
558 1036 818 1136 conjuratorum
864 1034 1084 1111 multitudine
1141 1040 1362 1137 augescebant
1408 1044 1409 1075 ¹

217 1152 359 1251 quidem
375 1153 492 1242 animi,
508 1152 569 1226 sed
593 1152 855 1225 retardabantur
880 1152 1031 1227 consilia.
1084 1153 1244 1251 Quisque
1268 1155 1365 1241 enim,

217 1268 269 1341 uti
298 1270 443 1358 adsolet,
466 1268 504 1341 in
527 1266 678 1341 diversas
704 1266 800 1340 ibant
829 1269 1022 1341 sententias.
1090 1266 1196 1342 Unus
1225 1270 1366 1345 Chaerea

218 1386 395 1458 censebat¹
421 1392 566 1481 “super
591 1382 707 1465 omnia
724 1408 812 1480 opus
838 1408 911 1457 esse
937 1382 1174 1458 festinatione:
1200 1384 1367 1459 moritus

218 1508 245 1544 “
270 1498 468 1597 corrumpi:
506 1496 672 1594 plurimas
696 1500 770 1597 jam
816 1497 957 1573 onrissas
986 1500 1205 1575 occasiones:
1249 1500 1368 1575 Caium

218 1622 244 1659 “
269 1614 421 1713 potuisse
445 1613 605 1703 interfici,
635 1612 848 1710 Capitolium
872 1616 1128 1704 ascendentem,
1158 1633 1197 1688 ut
1222 1640 1288 1713 pro
1305 1617 1369 1689 filii

219 1738 243 1775 “
267 1756 364 1805 sacra
385 1728 538 1821 faceret,
563 1728 620 1803 vel
648 1726 670 1801 ὲ
704 1727 843 1802 summi
870 1728 1009 1803 basilici
1037 1722 1257 1828 praecipitari,
1285 1734 1368 1806 crim

218 1854 245 1891 “
269 1870 434 1921 nummos
448 1845 486 1918 iu
502 1845 641 1943 plebem
656 1846 861 1942 spargebat3
889 1845 945 1917 vel
962 1845 1124 1943 opprimi,
1135 1848 1222 1923 cum
1234 1872 1371 1921 arcanas

218 1970 244 2005 “
268 1988 347 2037 suas
363 1960 547 2059 religiones
568 1960 764 2034 celebrabat
779 1958 1005 2036 incustoditus
1022 1978 1057 2037 et
1073 1961 1241 2037 incautus.
1273 1966 1372 2039 Cete·

217 2086 244 2121 “
268 2079 354 2151 nim
370 2104 408 2151 se
424 2102 538 2173 neque
563 2076 677 2166 sociis,
698 2102 813 2175 neque
838 2077 943 2153 armis
964 2077 1142 2178 indigere:
1170 2079 1287 2154 iniis
1313 2079 1371 2153 sni

218 2202 244 2239 “
269 2220 347 2269 eam
362 2194 434 2267 vim
450 2192 605 2291 corporis
620 2194 749 2281 datam,
779 2210 817 2265 ut
842 2194 937 2268 solus
953 2194 1139 2294 nudusque
1154 2195 1267 2270 valeat
1289 2196 1371 2271 Caio

217 2320 243 2361 “
268 2334 404 2400 necem,
420 2310 540 2408 patriae
555 2308 702 2383 salutem
716 2307 894 2383 adferre.”

267 2553 327 2623 76.
354 2547 614 2618 luruurmuu
641 2545 801 2620 Cbaereae
828 2543 984 2618 animum
1021 2567 1145 2619 omnes
1171 2545 1374 2643 probavere.

217 2677 354 2734 orantes
369 2665 509 2734 tamen²
533 2668 559 2705 “
575 2685 620 2733 ne
636 2660 860 2758 praeproperi
884 2657 1099 2735 festinatione
1124 2684 1180 2736 res
1196 2660 1234 2737 in
1259 2661 1377 2736 discri-

218 2783 244 2818 “
269 2799 351 2848 men
382 2776 589 2866 adducatur,
614 2794 651 2849 et
688 2777 862 2849 malorum
888 2777 1083 2850 remedium
1111 2777 1147 2848 in
1177 2779 1316 2875 majora
1350 2795 1378 2850 et

217 2899 244 2982 .“
269 2891 466 2964 insanabilia
491 2893 582 2965 mala
609 2910 775 2966 vertatur.
824 2893 945 2967 Ludos
978 2893 1174 2968 Palatinos¹
1203 2893 1379 2992 quampri-

188 3016 245 3051 “‘
270 3007 372 3079 mum
406 3008 582 3080 edendos:
611 3009 679 3080 hoc
712 3007 1033 3082 commodissimum
1066 3009 1240 3082 meditatae
1274 3010 1380 3084 caedis

217 3131 244 3167 ‘⁴
269 3141 422 3219 tempus:
451 3125 552 3197 Urbe
568 3123 771 3221 spectaculis
786 3123 931 3214 intenti,
960 3123 1136 3222 imparatis
1161 3124 1378 3214 satellitibus,

86 3331 97 3340 .
217 3245 244 3282 “
269 3257 328 3310 aut
355 3241 400 3312 ob
428 3239 587 3313 locorum
609 3240 781 3339 angustias
809 3240 993 3338 impeditis,
1019 3241 1145 3316 Caium
1173 3239 1379 3318 vulneribus

158 3424 160 3428 ,
218 3363 244 3398 “
270 3373 383 3428 totum
409 3353 486 3428 fore
514 3355 712 3452 pervium.’'
765 3357 926 3446 Chaerea,
956 3353 1037 3430 licet
1067 3380 1246 3430 morarum
1268 3355 1379 3455 impa-

218 3468 324 3578 tiens,
335 3473 520 3562 consensit‚
541 3489 577 3546 et
591 3472 770 3572 graviores
780 3491 936 3571 tempore
946 3471 1013 3546 iras
1025 3469 1161 3562 fovens,
1177 3471 1380 3548 condictum

259 3733 376 3793 'Unus
401 3735 515 3796 Cleren
538 3742 677 3799 censebat.
720 3739 769 3798 Ju-
824 3739 964 3800 continud
984 3739 1127 3798 exhibitos
1147 3739 1303 3798 adseverat.
1343 3734 1376 3795 ‘ll
1406 3735 1407 3738 ’

218 3815 298 3920 seph.
313 3817 584 3894 Antiq.lud.x1x.
599 3831 664 3878 l.n.
681 3828 748 3912 11.Ι
825 3819 905 3879 Auia
926 3815 989 3878 aba.
1014 3815 1042 3883 ll
1060 3843 1117 3876 rara
1135 3820 1207 3896 adr?
1225 3816 1380 3894 (abstorf)

293 3895 416 3956 orantes
434 3907 536 3958 tumen.
578 3903 651 3962 Haec
672 3919 771 3958 omma
824 3903 961 3980 πανήγυριν
975 3899 1016 3958 iarl
1029 3909 1093 3980 agris
1107 3898 1278 3980 ipiguisrqi
1288 3913 1380 3958 nn·

219 3977 429 4117 Joleffihdibiss
447 4059 459 4116 l
477 4059 501 4118 Γ
601 4059 621 4118 S
651 4071 671 4117 't
741 4062 746 4072 Ι
824 3985 869 4084 'fi'
880 3975 1023 4080 infirmis*
1034 3983 1081 4082 psai
1102 3973 1221 4078 ῗιῦςοκᾶὐ
1234 3977 1380 4118 wlff:

220 4139 303 4207 cas,
322 4078 390 4197 l.⁰.‘.
412 4079 721 4198 sibilatis-iia·
739 4079 770 4198 l
824 4084 862 4202 i'
896 4077 1377 4218 ‘lb‘llllf‘llfstsslb

219 4218 356 4278 honorem
372 4223 496 4297 Augusti
510 4222 664 4287 institutos,
678 4235 706 4279 et
721 4241 770 4300 per
824 4161 1067 4303 isffipellantur
1080 4215 1259 4302 ineigoplur.
1291 4221 1378 4290 Quos

220 4301 349 4358 triduum
362 4302 500 4360 celebrari
517 4302 616 4360 solitos
629 4315 770 4362 memorat
824 4305 904 4364 ludos
944 4303 1055 4364 carulo
1098 4303 1298 4381 iuterpretatur
1339 4313 1379 4360 est

221 4380 367 4450 Dio,uv1.
379 4401 407 4457 p.
418 4377 488 4440 600.
499 4393 529 4440 et
539 4383 568 4439 in
579 4402 667 4442 suum
677 4403 771 4460 usque
825 4386 961 4448 Rufinus

221 4470 333 4540 tempus
364 4463 402 4520 ab
428 4463 654 4541 imperatoribus
684 4465 771 4528 tune
