<?xml version="1.0" encoding="UTF-8"?>
<!DOCTYPE html PUBLIC "-//W3C//DTD XHTML 1.0 Transitional//EN"
    "http://www.w3.org/TR/xhtml1/DTD/xhtml1-transitional.dtd">
<html xmlns="http://www.w3.org/1999/xhtml" xml:lang="en" lang="en">
 <head>
  <title>
</title>
<meta http-equiv="Content-Type" content="text/html;charset=utf-8" />
  <meta name='ocr-system' content='tesseract 3.04.00' />
  <meta name='ocr-capabilities' content='ocr_page ocr_carea ocr_par ocr_line ocrx_word'/>
</head>
<body>
  <div class='ocr_page' id='page_1' title='image "./ccorntacitioper01valpgoog_0520.png"; bbox 0 0 2859 4950; ppageno 0'>
   <div class='ocr_carea' id='block_1_1' title="bbox 171 264 1356 397">
    <p class='ocr_par' dir='ltr' id='par_1_1' title="bbox 171 264 1356 397">
     <span class='ocr_line' id='line_1_1' title="bbox 171 264 1356 397; baseline -0.016 -17"><span class='ocrx_word' id='word_1_1' title='bbox 171 390 175 397; x_wconf 19' lang='grc' dir='ltr'>ἱ</span> <span class='ocrx_word' id='word_1_2' title='bbox 233 310 295 378; x_wconf 77' lang='grc'>506</span> <span class='ocrx_word' id='word_1_3' title='bbox 594 264 599 284; x_wconf 78' lang='lat'>=</span> <span class='ocrx_word' id='word_1_4' title='bbox 707 310 921 371; x_wconf 80' lang='lat' dir='ltr'>APPENDIX</span> <span class='ocrx_word' id='word_1_5' title='bbox 1175 313 1356 376; x_wconf 71' lang='lat' dir='ltr'>A.U‚c,8q3,</span> 
     </span>
    </p>
   </div>
   <div class='ocr_carea' id='block_1_2' title="bbox 123 462 1366 1726">
    <p class='ocr_par' dir='ltr' id='par_1_2' title="bbox 123 462 1366 1726">
     <span class='ocr_line' id='line_1_2' title="bbox 232 462 1360 557; baseline -0.001 -15"><span class='ocrx_word' id='word_1_6' title='bbox 232 475 258 513; x_wconf 76' lang='lat'>‘¹</span> <span class='ocrx_word' id='word_1_7' title='bbox 280 466 432 543; x_wconf 81' lang='lat' dir='ltr'>consilia.</span> <span class='ocrx_word' id='word_1_8' title='bbox 481 462 559 541; x_wconf 90' lang='lat' dir='ltr'>Pari</span> <span class='ocrx_word' id='word_1_9' title='bbox 588 463 702 538; x_wconf 92' lang='lat' dir='ltr'>studio</span> <span class='ocrx_word' id='word_1_10' title='bbox 731 466 891 555; x_wconf 89' lang='lat' dir='ltr'>Batavos,</span> <span class='ocrx_word' id='word_1_11' title='bbox 919 463 1174 557; x_wconf 80' lang='lat' dir='ltr'>Canninefates,</span> <span class='ocrx_word' id='word_1_12' title='bbox 1200 483 1360 541; x_wconf 80' lang='lat' dir='ltr'>veteranas-</span> 
     </span>
     <span class='ocr_line' id='line_1_3' title="bbox 123 579 1360 683; baseline -0.007 -17"><span class='ocrx_word' id='word_1_13' title='bbox 123 659 127 666; x_wconf 86' lang='grc'><strong><em>,</em></strong></span> <span class='ocrx_word' id='word_1_14' title='bbox 232 591 257 629; x_wconf 83' lang='grc'><strong>“</strong></span> <span class='ocrx_word' id='word_1_15' title='bbox 281 610 350 683; x_wconf 90' lang='lat' dir='ltr'>que</span> <span class='ocrx_word' id='word_1_16' title='bbox 366 584 526 657; x_wconf 83' lang='lat' dir='ltr'><strong>cohortes</strong></span> <span class='ocrx_word' id='word_1_17' title='bbox 542 581 578 653; x_wconf 91' lang='lat' dir='ltr'>in</span> <span class='ocrx_word' id='word_1_18' title='bbox 594 582 700 653; x_wconf 84' lang='lat' dir='ltr'>verba</span> <span class='ocrx_word' id='word_1_19' title='bbox 716 579 912 678; x_wconf 76' lang='lat' dir='ltr'>Vespasiani</span> <span class='ocrx_word' id='word_1_20' title='bbox 939 582 1064 681; x_wconf 88' lang='lat' dir='ltr'>adegi.¹</span> <span class='ocrx_word' id='word_1_21' title='bbox 1115 581 1152 657; x_wconf 89' lang='lat' dir='ltr'>Si</span> <span class='ocrx_word' id='word_1_22' title='bbox 1168 582 1251 680; x_wconf 91' lang='lat' dir='ltr'>quid</span> <span class='ocrx_word' id='word_1_23' title='bbox 1266 585 1360 680; x_wconf 85' lang='lat' dir='ltr'>postei</span> 
     </span>
     <span class='ocr_line' id='line_1_4' title="bbox 232 696 1360 796; baseline -0.002 -21"><span class='ocrx_word' id='word_1_24' title='bbox 232 708 258 744; x_wconf 87' lang='lat'><strong>“</strong></span> <span class='ocrx_word' id='word_1_25' title='bbox 283 701 407 775; x_wconf 90' lang='lat' dir='ltr'>hostile</span> <span class='ocrx_word' id='word_1_26' title='bbox 432 698 585 796; x_wconf 85' lang='lat' dir='ltr'>inrepsit,</span> <span class='ocrx_word' id='word_1_27' title='bbox 606 700 686 795; x_wconf 86' lang='lat' dir='ltr'>jure</span> <span class='ocrx_word' id='word_1_28' title='bbox 701 722 748 769; x_wconf 85' lang='lat' dir='ltr'>an</span> <span class='ocrx_word' id='word_1_29' title='bbox 763 696 886 796; x_wconf 73' lang='lat' dir='ltr'>injun&#39;i</span> <span class='ocrx_word' id='word_1_30' title='bbox 903 714 1102 795; x_wconf 87' lang='lat' dir='ltr'>susceptum</span> <span class='ocrx_word' id='word_1_31' title='bbox 1118 698 1212 788; x_wconf 77' lang='lat' dir='ltr'>haud</span> <span class='ocrx_word' id='word_1_32' title='bbox 1228 699 1360 773; x_wconf 83' lang='lat' dir='ltr'>dixerim</span> 
     </span>
     <span class='ocr_line' id='line_1_5' title="bbox 233 813 1361 913; baseline -0.001 -24"><span class='ocrx_word' id='word_1_33' title='bbox 233 823 259 858; x_wconf 87' lang='lat'>“</span> <span class='ocrx_word' id='word_1_34' title='bbox 283 817 407 889; x_wconf 80' lang='lat' dir='ltr'>Malim</span> <span class='ocrx_word' id='word_1_35' title='bbox 423 815 773 910; x_wconf 82' lang='lat' dir='ltr'>turbidatemporum</span> <span class='ocrx_word' id='word_1_36' title='bbox 789 814 958 907; x_wconf 81' lang='lat' dir='ltr'>incusare,</span> <span class='ocrx_word' id='word_1_37' title='bbox 975 813 1083 913; x_wconf 73' lang='lat' dir='ltr'>quim</span> <span class='ocrx_word' id='word_1_38' title='bbox 1100 814 1206 887; x_wconf 91' lang='lat' dir='ltr'>dubia</span> <span class='ocrx_word' id='word_1_39' title='bbox 1220 814 1361 913; x_wconf 87' lang='lat' dir='ltr'>imputare</span> 
     </span>
     <span class='ocr_line' id='line_1_6' title="bbox 233 926 1362 1028; baseline -0.003 -22"><span class='ocrx_word' id='word_1_40' title='bbox 233 939 257 976; x_wconf 74' lang='lat'>‘⁴</span> <span class='ocrx_word' id='word_1_41' title='bbox 281 931 435 1006; x_wconf 85' lang='lat' dir='ltr'>crimina.</span> <span class='ocrx_word' id='word_1_42' title='bbox 487 927 595 1004; x_wconf 66' lang='lat' dir='ltr'>Certe</span> <span class='ocrx_word' id='word_1_43' title='bbox 611 930 666 1001; x_wconf 87' lang='lat' dir='ltr'>vel</span> <span class='ocrx_word' id='word_1_44' title='bbox 683 926 756 1025; x_wconf 89' lang='lat' dir='ltr'>ipsa</span> <span class='ocrx_word' id='word_1_45' title='bbox 771 927 861 1001; x_wconf 91' lang='lat' dir='ltr'>inter</span> <span class='ocrx_word' id='word_1_46' title='bbox 875 928 968 1001; x_wconf 93' lang='lat' dir='ltr'>bella</span> <span class='ocrx_word' id='word_1_47' title='bbox 983 954 1040 1001; x_wconf 92' lang='lat' dir='ltr'>me</span> <span class='ocrx_word' id='word_1_48' title='bbox 1056 954 1195 1026; x_wconf 83' lang='lat' dir='ltr'>semper</span> <span class='ocrx_word' id='word_1_49' title='bbox 1210 929 1247 1003; x_wconf 92' lang='lat' dir='ltr'>in</span> <span class='ocrx_word' id='word_1_50' title='bbox 1267 956 1362 1028; x_wconf 85' lang='lat' dir='ltr'>pacem</span> 
     </span>
     <span class='ocr_line' id='line_1_7' title="bbox 226 1042 1364 1145; baseline 0 -26"><span class='ocrx_word' id='word_1_51' title='bbox 226 1054 258 1090; x_wconf 81' lang='lat'>&#39;‘⁸</span> <span class='ocrx_word' id='word_1_52' title='bbox 282 1048 517 1145; x_wconf 91' lang='lat' dir='ltr'>propendisse,</span> <span class='ocrx_word' id='word_1_53' title='bbox 544 1046 857 1142; x_wconf 84' lang='lat' dir='ltr'>Romanorumque</span> <span class='ocrx_word' id='word_1_54' title='bbox 882 1062 995 1143; x_wconf 89' lang='lat' dir='ltr'>partes</span> <span class='ocrx_word' id='word_1_55' title='bbox 1007 1044 1136 1145; x_wconf 84' lang='lat' dir='ltr'>juvisse</span> <span class='ocrx_word' id='word_1_56' title='bbox 1161 1046 1269 1122; x_wconf 84' lang='lat' dir='ltr'>multa</span> <span class='ocrx_word' id='word_1_57' title='bbox 1289 1042 1364 1119; x_wconf 80' lang='lat' dir='ltr'>luera</span> 
     </span>
     <span class='ocr_line' id='line_1_8' title="bbox 231 1161 1365 1263; baseline -0.003 -26"><span class='ocrx_word' id='word_1_58' title='bbox 231 1172 260 1209; x_wconf 85' lang='lat'>“</span> <span class='ocrx_word' id='word_1_59' title='bbox 283 1179 501 1263; x_wconf 89' lang='lat' dir='ltr'>argumenta,</span> <span class='ocrx_word' id='word_1_60' title='bbox 537 1178 719 1250; x_wconf 68' lang='lat' dir='ltr'>etrecens</span> <span class='ocrx_word' id='word_1_61' title='bbox 747 1162 861 1234; x_wconf 88' lang='lat' dir='ltr'>adhuc</span> <span class='ocrx_word' id='word_1_62' title='bbox 893 1161 1086 1235; x_wconf 79' lang='lat' dir='ltr'>memoria²</span> <span class='ocrx_word' id='word_1_63' title='bbox 1135 1162 1215 1238; x_wconf 87' lang='lat' dir='ltr'>Nee</span> <span class='ocrx_word' id='word_1_64' title='bbox 1243 1186 1302 1260; x_wconf 91' lang='lat' dir='ltr'>per</span> <span class='ocrx_word' id='word_1_65' title='bbox 1325 1187 1365 1234; x_wconf 88' lang='lat' dir='ltr'>me</span> 
     </span>
     <span class='ocr_line' id='line_1_9' title="bbox 231 1276 1366 1376; baseline -0.001 -24"><span class='ocrx_word' id='word_1_66' title='bbox 231 1287 260 1325; x_wconf 84' lang='lat'>“</span> <span class='ocrx_word' id='word_1_67' title='bbox 282 1279 384 1353; x_wconf 87' lang='lat' dir='ltr'>stabit</span> <span class='ocrx_word' id='word_1_68' title='bbox 409 1277 599 1376; x_wconf 75' lang='lat' dir='ltr'>quominus</span> <span class='ocrx_word' id='word_1_69' title='bbox 619 1276 710 1350; x_wconf 91' lang='lat' dir='ltr'>inter</span> <span class='ocrx_word' id='word_1_70' title='bbox 728 1278 907 1352; x_wconf 89' lang='lat' dir='ltr'>Romanos</span> <span class='ocrx_word' id='word_1_71' title='bbox 922 1295 958 1352; x_wconf 90' lang='lat' dir='ltr'>et</span> <span class='ocrx_word' id='word_1_72' title='bbox 973 1280 1120 1352; x_wconf 89' lang='lat' dir='ltr'>Batavos</span> <span class='ocrx_word' id='word_1_73' title='bbox 1136 1280 1209 1352; x_wconf 90' lang='lat' dir='ltr'>fida</span> <span class='ocrx_word' id='word_1_74' title='bbox 1224 1280 1366 1376; x_wconf 84' lang='lat' dir='ltr'>firmaque</span> 
     </span>
     <span class='ocr_line' id='line_1_10' title="bbox 232 1393 1365 1484; baseline -0.004 -14"><span class='ocrx_word' id='word_1_75' title='bbox 232 1404 260 1442; x_wconf 89' lang='lat'>“</span> <span class='ocrx_word' id='word_1_76' title='bbox 285 1395 428 1470; x_wconf 91' lang='lat' dir='ltr'>societas</span> <span class='ocrx_word' id='word_1_77' title='bbox 453 1410 651 1469; x_wconf 85' lang='lat' dir='ltr'>renovetur.</span> <span class='ocrx_word' id='word_1_78' title='bbox 703 1393 803 1465; x_wconf 90' lang='lat' dir='ltr'>Olim</span> <span class='ocrx_word' id='word_1_79' title='bbox 828 1394 1029 1467; x_wconf 84' lang='lat' dir='ltr'>sacramenti</span> <span class='ocrx_word' id='word_1_80' title='bbox 1045 1395 1273 1484; x_wconf 87' lang='lat' dir='ltr'>hortatorem,</span> <span class='ocrx_word' id='word_1_81' title='bbox 1294 1417 1365 1466; x_wconf 83' lang='lat' dir='ltr'>nunt</span> 
     </span>
     <span class='ocr_line' id='line_1_11' title="bbox 232 1503 1365 1611; baseline -0.004 -28"><span class='ocrx_word' id='word_1_82' title='bbox 232 1503 266 1557; x_wconf 57' lang='lat'>‘⁴&#39;</span> <span class='ocrx_word' id='word_1_83' title='bbox 285 1537 342 1586; x_wconf 90' lang='lat' dir='ltr'>me</span> <span class='ocrx_word' id='word_1_84' title='bbox 364 1512 460 1611; x_wconf 80' lang='lat' dir='ltr'>juvat</span> <span class='ocrx_word' id='word_1_85' title='bbox 487 1536 560 1584; x_wconf 91' lang='lat' dir='ltr'>esse</span> <span class='ocrx_word' id='word_1_86' title='bbox 591 1508 846 1583; x_wconf 79' lang='lat' dir='ltr'>conciliatorem</span> <span class='ocrx_word' id='word_1_87' title='bbox 871 1508 996 1607; x_wconf 89' lang='lat' dir='ltr'>pacis.”</span> <span class='ocrx_word' id='word_1_88' title='bbox 1045 1508 1175 1584; x_wconf 89' lang='lat' dir='ltr'>Studiis</span> <span class='ocrx_word' id='word_1_89' title='bbox 1191 1510 1238 1584; x_wconf 90' lang='lat' dir='ltr'>ita</span> <span class='ocrx_word' id='word_1_90' title='bbox 1259 1508 1365 1605; x_wconf 88' lang='lat' dir='ltr'>conspi·</span> 
     </span>
     <span class='ocr_line' id='line_1_12' title="bbox 232 1622 1363 1726; baseline -0.002 -25"><span class='ocrx_word' id='word_1_91' title='bbox 232 1628 400 1718; x_wconf 90' lang='lat' dir='ltr'>rantibus,</span> <span class='ocrx_word' id='word_1_92' title='bbox 411 1626 449 1700; x_wconf 89' lang='lat' dir='ltr'>in</span> <span class='ocrx_word' id='word_1_93' title='bbox 464 1627 571 1699; x_wconf 83' lang='lat' dir='ltr'>fidem</span> <span class='ocrx_word' id='word_1_94' title='bbox 587 1622 716 1724; x_wconf 90' lang='lat' dir='ltr'>recepti</span> <span class='ocrx_word' id='word_1_95' title='bbox 732 1644 811 1699; x_wconf 91' lang='lat' dir='ltr'>sunt</span> <span class='ocrx_word' id='word_1_96' title='bbox 824 1626 966 1701; x_wconf 69' lang='lat' dir='ltr'>Batavis</span> <span class='ocrx_word' id='word_1_97' title='bbox 984 1642 1171 1726; x_wconf 85' lang='lat' dir='ltr'>pacataque</span> <span class='ocrx_word' id='word_1_98' title='bbox 1190 1624 1363 1701; x_wconf 82' lang='lat' dir='ltr'>Germania</span> 
     </span>
    </p>
   </div>
   <div class='ocr_carea' id='block_1_3' title="bbox 226 1856 1366 2653">
    <p class='ocr_par' dir='ltr' id='par_1_3' title="bbox 226 1856 1366 2653">
     <span class='ocr_line' id='line_1_13' title="bbox 283 1856 1364 1951; baseline -0.001 -21"><span class='ocrx_word' id='word_1_99' title='bbox 283 1867 343 1937; x_wconf 83' lang='lat'>27.</span> <span class='ocrx_word' id='word_1_100' title='bbox 370 1860 600 1949; x_wconf 75' lang='lat' dir='ltr'>Lutoouas,3</span> <span class='ocrx_word' id='word_1_101' title='bbox 627 1857 746 1935; x_wconf 88' lang='lat' dir='ltr'>Civilis</span> <span class='ocrx_word' id='word_1_102' title='bbox 761 1858 920 1935; x_wconf 89' lang='lat' dir='ltr'>societate</span> <span class='ocrx_word' id='word_1_103' title='bbox 935 1857 1067 1951; x_wconf 85' lang='lat' dir='ltr'>innexi,</span> <span class='ocrx_word' id='word_1_104' title='bbox 1091 1858 1281 1935; x_wconf 88' lang='lat' dir='ltr'>Domitiani</span> <span class='ocrx_word' id='word_1_105' title='bbox 1292 1856 1364 1931; x_wconf 77' lang='lat' dir='ltr'>faro</span> 
     </span>
     <span class='ocr_line' id='line_1_14' title="bbox 232 1974 1366 2074; baseline -0.002 -27"><span class='ocrx_word' id='word_1_106' title='bbox 232 1994 309 2047; x_wconf 84' lang='lat' dir='ltr'>rem</span> <span class='ocrx_word' id='word_1_107' title='bbox 325 1992 589 2071; x_wconf 86' lang='lat' dir='ltr'>occupaverant,</span> <span class='ocrx_word' id='word_1_108' title='bbox 612 1974 826 2074; x_wconf 85' lang='lat' dir='ltr'>septuaginta</span> <span class='ocrx_word' id='word_1_109' title='bbox 841 1974 992 2049; x_wconf 89' lang='lat' dir='ltr'>milhbus</span> <span class='ocrx_word' id='word_1_110' title='bbox 1003 1979 1244 2049; x_wconf 87' lang='lat' dir='ltr'>armatorum⁴</span> <span class='ocrx_word' id='word_1_111' title='bbox 1264 1976 1297 2049; x_wconf 88' lang='lat' dir='ltr'>in</span> <span class='ocrx_word' id='word_1_112' title='bbox 1312 1976 1366 2073; x_wconf 86' lang='lat' dir='ltr'>ejus</span> 
     </span>
     <span class='ocr_line' id='line_1_15' title="bbox 232 2088 1365 2191; baseline -0.003 -29"><span class='ocrx_word' id='word_1_113' title='bbox 232 2089 439 2186; x_wconf 87' lang='lat' dir='ltr'>obsequium</span> <span class='ocrx_word' id='word_1_114' title='bbox 469 2088 626 2163; x_wconf 87' lang='lat' dir='ltr'>redactis.</span> <span class='ocrx_word' id='word_1_115' title='bbox 674 2090 846 2172; x_wconf 77' lang='lat' dir='ltr'>Atrocitis</span> <span class='ocrx_word' id='word_1_116' title='bbox 878 2115 961 2165; x_wconf 91' lang='lat' dir='ltr'>cum</span> <span class='ocrx_word' id='word_1_117' title='bbox 989 2091 1152 2187; x_wconf 90' lang='lat' dir='ltr'>Sarmatis</span> <span class='ocrx_word' id='word_1_118' title='bbox 1185 2108 1365 2191; x_wconf 88' lang='lat' dir='ltr'>pugnatum.</span> 
     </span>
     <span class='ocr_line' id='line_1_16' title="bbox 231 2202 1365 2305; baseline -0.001 -26"><span class='ocrx_word' id='word_1_119' title='bbox 231 2205 395 2279; x_wconf 90' lang='lat' dir='ltr'>Fonteius</span> <span class='ocrx_word' id='word_1_120' title='bbox 415 2203 588 2303; x_wconf 82' lang='lat' dir='ltr'>Agrippa,</span> <span class='ocrx_word' id='word_1_121' title='bbox 611 2204 763 2295; x_wconf 86' lang='lat' dir='ltr'>Moesiae,</span> <span class='ocrx_word' id='word_1_122' title='bbox 787 2224 826 2279; x_wconf 91' lang='lat' dir='ltr'>ut</span> <span class='ocrx_word' id='word_1_123' title='bbox 848 2206 980 2280; x_wconf 93' lang='lat' dir='ltr'>dictum</span> <span class='ocrx_word' id='word_1_124' title='bbox 1001 2224 1053 2280; x_wconf 92' lang='lat' dir='ltr'>est</span> <span class='ocrx_word' id='word_1_125' title='bbox 1073 2211 1205 2305; x_wconf 88' lang='lat' dir='ltr'>supra,⁵</span> <span class='ocrx_word' id='word_1_126' title='bbox 1229 2202 1365 2305; x_wconf 83' lang='lat' dir='ltr'>praepos&#39;·</span> 
     </span>
     <span class='ocr_line' id='line_1_17' title="bbox 230 2320 1365 2423; baseline -0.004 -29"><span class='ocrx_word' id='word_1_127' title='bbox 230 2338 300 2411; x_wconf 89' lang='lat' dir='ltr'>tus,</span> <span class='ocrx_word' id='word_1_128' title='bbox 323 2322 492 2395; x_wconf 81' lang='lat' dir='ltr'>adversus</span> <span class='ocrx_word' id='word_1_129' title='bbox 513 2322 740 2396; x_wconf 90' lang='lat' dir='ltr'>barbarorum</span> <span class='ocrx_word' id='word_1_130' title='bbox 757 2321 828 2396; x_wconf 86' lang='lat' dir='ltr'>vim</span> <span class='ocrx_word' id='word_1_131' title='bbox 844 2322 1025 2412; x_wconf 88' lang='lat' dir='ltr'>invalidus,</span> <span class='ocrx_word' id='word_1_132' title='bbox 1049 2325 1240 2423; x_wconf 86' lang='lat' dir='ltr'>pugnando</span> <span class='ocrx_word' id='word_1_133' title='bbox 1256 2320 1365 2395; x_wconf 89' lang='lat' dir='ltr'>fortiter</span> 
     </span>
     <span class='ocr_line' id='line_1_18' title="bbox 227 2430 1364 2541; baseline -0.003 -30"><span class='ocrx_word' id='word_1_134' title='bbox 227 2430 418 2541; x_wconf 85' lang='lat' dir='ltr'>occubuit.⁶</span> <span class='ocrx_word' id='word_1_135' title='bbox 449 2493 453 2500; x_wconf 88' lang='lat'><em>.</em></span> <span class='ocrx_word' id='word_1_136' title='bbox 489 2436 587 2510; x_wconf 90' lang='lat' dir='ltr'>Tum</span> <span class='ocrx_word' id='word_1_137' title='bbox 627 2456 752 2513; x_wconf 87' lang='lat' dir='ltr'>cuncta</span> <span class='ocrx_word' id='word_1_138' title='bbox 798 2438 1063 2528; x_wconf 84' lang='lat' dir='ltr'>incursionibus,</span> <span class='ocrx_word' id='word_1_139' title='bbox 1111 2436 1364 2538; x_wconf 85' lang='lat' dir='ltr'>populatiombus</span> 
     </span>
     <span class='ocr_line' id='line_1_19' title="bbox 226 2552 1363 2653; baseline -0.002 -26"><span class='ocrx_word' id='word_1_140' title='bbox 226 2552 391 2628; x_wconf 84' lang='lat' dir='ltr'>obnoxia</span> <span class='ocrx_word' id='word_1_141' title='bbox 442 2552 554 2628; x_wconf 87' lang='lat' dir='ltr'>Clade</span> <span class='ocrx_word' id='word_1_142' title='bbox 582 2556 790 2653; x_wconf 86' lang='lat' dir='ltr'>Vespasiano</span> <span class='ocrx_word' id='word_1_143' title='bbox 823 2555 991 2645; x_wconf 74' lang='lat' dir='ltr'>nuntiati,</span> <span class='ocrx_word' id='word_1_144' title='bbox 1031 2555 1210 2630; x_wconf 89' lang='lat' dir='ltr'>Rubrium</span> <span class='ocrx_word' id='word_1_145' title='bbox 1241 2553 1363 2648; x_wconf 51' lang='lat' dir='ltr'>¹Gallum</span> 
     </span>
    </p>
   </div>
   <div class='ocr_carea' id='block_1_4' title="bbox 87 2641 1364 2769">
    <p class='ocr_par' dir='ltr' id='par_1_4' title="bbox 87 2641 1364 2769">
     <span class='ocr_line' id='line_1_20' title="bbox 87 2641 1364 2769; baseline -0.001 -27"><span class='ocrx_word' id='word_1_146' title='bbox 87 2641 91 2647; x_wconf 27' lang='lat'><strong>⁴</strong></span> <span class='ocrx_word' id='word_1_147' title='bbox 138 2711 142 2716; x_wconf 95' lang='lat'>·</span> <span class='ocrx_word' id='word_1_148' title='bbox 227 2668 350 2767; x_wconf 30' lang='lat' dir='ltr'>misit,⁷¹</span> <span class='ocrx_word' id='word_1_149' title='bbox 380 2667 440 2768; x_wconf 91' lang='lat' dir='ltr'>qui</span> <span class='ocrx_word' id='word_1_150' title='bbox 468 2693 545 2740; x_wconf 89' lang='lat' dir='ltr'>rem</span> <span class='ocrx_word' id='word_1_151' title='bbox 572 2670 731 2758; x_wconf 91' lang='lat' dir='ltr'>restituit,</span> <span class='ocrx_word' id='word_1_152' title='bbox 762 2668 927 2769; x_wconf 87' lang='lat' dir='ltr'>fusosque</span> <span class='ocrx_word' id='word_1_153' title='bbox 955 2697 1047 2769; x_wconf 70' lang='lat' dir='ltr'>saepe</span> <span class='ocrx_word' id='word_1_154' title='bbox 1074 2673 1241 2746; x_wconf 88' lang='lat' dir='ltr'>barbaros</span> <span class='ocrx_word' id='word_1_155' title='bbox 1267 2691 1364 2742; x_wconf 85' lang='lat' dir='ltr'>renate</span> 
     </span>
    </p>
   </div>
   <div class='ocr_carea' id='block_1_5' title="bbox 230 2783 1363 3012">
    <p class='ocr_par' dir='ltr' id='par_1_5' title="bbox 230 2783 1363 3012">
     <span class='ocr_line' id='line_1_21' title="bbox 230 2783 1363 2898; baseline 0.002 -42"><span class='ocrx_word' id='word_1_156' title='bbox 230 2783 435 2858; x_wconf 88' lang='lat' dir='ltr'>Danubium</span> <span class='ocrx_word' id='word_1_157' title='bbox 461 2783 597 2882; x_wconf 87' lang='lat' dir='ltr'>coegit:</span> <span class='ocrx_word' id='word_1_158' title='bbox 617 2803 669 2875; x_wconf 88' lang='lat' dir='ltr'>et,</span> <span class='ocrx_word' id='word_1_159' title='bbox 693 2810 738 2858; x_wconf 91' lang='lat' dir='ltr'>ne</span> <span class='ocrx_word' id='word_1_160' title='bbox 754 2786 892 2886; x_wconf 89' lang='lat' dir='ltr'>regredi</span> <span class='ocrx_word' id='word_1_161' title='bbox 913 2786 960 2898; x_wconf 38' lang='lat' dir='ltr'>iis!</span> <span class='ocrx_word' id='word_1_162' title='bbox 977 2785 1068 2862; x_wconf 86' lang='lat' dir='ltr'>foret</span> <span class='ocrx_word' id='word_1_163' title='bbox 1083 2785 1233 2875; x_wconf 87' lang='lat' dir='ltr'>animus,</span> <span class='ocrx_word' id='word_1_164' title='bbox 1258 2787 1363 2860; x_wconf 84' lang='lat' dir='ltr'>Roma·</span> 
     </span>
     <span class='ocr_line' id='line_1_22' title="bbox 230 2897 1041 3012; baseline 0 -38"><span class='ocrx_word' id='word_1_165' title='bbox 230 2897 285 3003; x_wconf 83' lang='lat' dir='ltr'>nis</span> <span class='ocrx_word' id='word_1_166' title='bbox 298 2898 464 2998; x_wconf 80' lang='lat' dir='ltr'>praesidiis</span> <span class='ocrx_word' id='word_1_167' title='bbox 478 2898 642 2974; x_wconf 85' lang='lat' dir='ltr'>validiora</span> <span class='ocrx_word' id='word_1_168' title='bbox 656 2901 793 3012; x_wconf 82' lang='lat' dir='ltr'>addidit¹</span> <span class='ocrx_word' id='word_1_169' title='bbox 803 2897 1041 2976; x_wconf 84' lang='lat' dir='ltr'>munimenta⁸</span> 
     </span>
    </p>
   </div>
   <div class='ocr_carea' id='block_1_6' title="bbox 231 3129 1360 3372">
    <p class='ocr_par' dir='ltr' id='par_1_6' title="bbox 231 3129 1360 3372">
     <span class='ocr_line' id='line_1_23' title="bbox 284 3129 1360 3236; baseline 0.009 -32"><span class='ocrx_word' id='word_1_170' title='bbox 284 3142 344 3206; x_wconf 78' lang='lat'>28.</span> <span class='ocrx_word' id='word_1_171' title='bbox 368 3137 435 3236; x_wconf 69' lang='lat' dir='ltr'>Aa*</span> <span class='ocrx_word' id='word_1_172' title='bbox 457 3137 568 3236; x_wconf 83' lang='lat' dir='ltr'>major</span> <span class='ocrx_word' id='word_1_173' title='bbox 590 3132 674 3208; x_wconf 93' lang='lat' dir='ltr'>belli</span> <span class='ocrx_word' id='word_1_174' title='bbox 697 3136 807 3210; x_wconf 91' lang='lat' dir='ltr'>moles</span> <span class='ocrx_word' id='word_1_175' title='bbox 822 3133 859 3208; x_wconf 90' lang='lat' dir='ltr'>in</span> <span class='ocrx_word' id='word_1_176' title='bbox 874 3134 996 3211; x_wconf 75' lang='lat' dir='ltr'>Judaet</span> <span class='ocrx_word' id='word_1_177' title='bbox 1020 3135 1221 3236; x_wconf 88' lang='lat' dir='ltr'>agitabatur.</span> <span class='ocrx_word' id='word_1_178' title='bbox 1271 3129 1360 3214; x_wconf 85' lang='lat' dir='ltr'>Titus,</span> 
     </span>
     <span class='ocr_line' id='line_1_24' title="bbox 231 3234 1360 3372; baseline 0.004 -48"><span class='ocrx_word' id='word_1_179' title='bbox 231 3234 318 3326; x_wconf 71' lang='lat' dir='ltr'>cirin</span> <span class='ocrx_word' id='word_1_180' title='bbox 350 3267 475 3354; x_wconf 81' lang='lat' dir='ltr'>cuncta</span> <span class='ocrx_word' id='word_1_181' title='bbox 514 3252 753 3372; x_wconf 79' lang='lat' dir='ltr'>expugpandis</span> <span class='ocrx_word' id='word_1_182' title='bbox 794 3250 1044 3350; x_wconf 87' lang='lat' dir='ltr'>Hierosolymis</span> <span class='ocrx_word' id='word_1_183' title='bbox 1080 3268 1158 3350; x_wconf 91' lang='lat' dir='ltr'>apta</span> <span class='ocrx_word' id='word_1_184' title='bbox 1194 3248 1360 3328; x_wconf 60' lang='lat' dir='ltr'>sanxisti,</span> 
     </span>
    </p>
   </div>
   <div class='ocr_carea' id='block_1_7' title="bbox 163 3471 1358 4530">
    <p class='ocr_par' dir='ltr' id='par_1_7' title="bbox 163 3471 1358 4530">
     <span class='ocr_line' id='line_1_25' title="bbox 276 3471 1358 3566; baseline -0.002 -24"><span class='ocrx_word' id='word_1_185' title='bbox 276 3479 348 3542; x_wconf 79' lang='lat' dir='ltr'>&#39;In</span> <span class='ocrx_word' id='word_1_186' title='bbox 381 3487 465 3544; x_wconf 80' lang='lat' dir='ltr'>rerba</span> <span class='ocrx_word' id='word_1_187' title='bbox 496 3484 660 3563; x_wconf 79' lang='lat' dir='ltr'>Vespasiani</span> <span class='ocrx_word' id='word_1_188' title='bbox 691 3487 784 3566; x_wconf 83' lang='lat' dir='ltr'>adegi.</span> <span class='ocrx_word' id='word_1_189' title='bbox 836 3471 871 3547; x_wconf 81' lang='lat' dir='ltr'>tt.¹</span> <span class='ocrx_word' id='word_1_190' title='bbox 882 3495 941 3548; x_wconf 75' lang='lat'>14:</span> <span class='ocrx_word' id='word_1_191' title='bbox 970 3487 1065 3558; x_wconf 87' lang='lat' dir='ltr'>Quem</span> <span class='ocrx_word' id='word_1_192' title='bbox 1081 3486 1145 3546; x_wconf 82' lang='lat' dir='ltr'>vide</span> <span class='ocrx_word' id='word_1_193' title='bbox 1165 3485 1309 3546; x_wconf 85' lang='lat' dir='ltr'>laudatum</span> <span class='ocrx_word' id='word_1_194' title='bbox 1325 3494 1358 3532; x_wconf 85' lang='lat' dir='ltr'>su·</span> 
     </span>
     <span class='ocr_line' id='line_1_26' title="bbox 235 3563 1242 3647; baseline 0.004 -25"><span class='ocrx_word' id='word_1_195' title='bbox 235 3563 278 3622; x_wconf 83' lang='lat' dir='ltr'>b&#39;t</span> <span class='ocrx_word' id='word_1_196' title='bbox 287 3566 349 3641; x_wconf 90' lang='lat' dir='ltr'>jam</span> <span class='ocrx_word' id='word_1_197' title='bbox 364 3565 474 3624; x_wconf 90' lang='lat' dir='ltr'>dictum</span> <span class='ocrx_word' id='word_1_198' title='bbox 493 3577 534 3624; x_wconf 83' lang='lat' dir='ltr'>est</span> <span class='ocrx_word' id='word_1_199' title='bbox 548 3585 635 3644; x_wconf 88' lang='lat' dir='ltr'>supra</span> <span class='ocrx_word' id='word_1_200' title='bbox 649 3566 726 3626; x_wconf 87' lang='lat' dir='ltr'>Hist.</span> <span class='ocrx_word' id='word_1_201' title='bbox 741 3587 785 3629; x_wconf 77' lang='grc' dir='ltr'>ιν.</span> <span class='ocrx_word' id='word_1_202' title='bbox 836 3587 888 3647; x_wconf 86' lang='lat' dir='ltr'>pra</span> <span class='ocrx_word' id='word_1_203' title='bbox 903 3568 980 3626; x_wconf 87' lang='lat' dir='ltr'>Hist.</span> <span class='ocrx_word' id='word_1_204' title='bbox 995 3587 1039 3626; x_wconf 81' lang='lat' dir='ltr'>tv.</span> <span class='ocrx_word' id='word_1_205' title='bbox 1053 3565 1102 3634; x_wconf 88' lang='grc'>67.</span> <span class='ocrx_word' id='word_1_206' title='bbox 1118 3579 1179 3626; x_wconf 90' lang='lat' dir='ltr'>not.</span> <span class='ocrx_word' id='word_1_207' title='bbox 1193 3567 1242 3626; x_wconf 85' lang='lat' dir='ltr'>inf.</span> 
     </span>
     <span class='ocr_line' id='line_1_27' title="bbox 226 3644 1356 3726; baseline -0.005 -20"><span class='ocrx_word' id='word_1_208' title='bbox 226 3649 285 3706; x_wconf 75' lang='lat'>21.</span> <span class='ocrx_word' id='word_1_209' title='bbox 318 3711 322 3716; x_wconf 42' lang='grc'>,</span> <span class='ocrx_word' id='word_1_210' title='bbox 876 3645 1026 3708; x_wconf 77' lang='lat' dir='ltr'>⁵Dictum</span> <span class='ocrx_word' id='word_1_211' title='bbox 1041 3658 1083 3708; x_wconf 85' lang='lat' dir='ltr'>est</span> <span class='ocrx_word' id='word_1_212' title='bbox 1102 3667 1199 3726; x_wconf 71' lang='lat' dir='ltr'>arepto.</span> <span class='ocrx_word' id='word_1_213' title='bbox 1240 3644 1307 3704; x_wconf 85' lang='lat' dir='ltr'>Hist.</span> <span class='ocrx_word' id='word_1_214' title='bbox 1319 3649 1356 3693; x_wconf 85' lang='lat'>111·</span> 
     </span>
     <span class='ocr_line' id='line_1_28' title="bbox 243 3720 886 3797; baseline 0.002 -11"><span class='ocrx_word' id='word_1_215' title='bbox 243 3780 246 3786; x_wconf 91' lang='lat'><em>.</em></span> <span class='ocrx_word' id='word_1_216' title='bbox 275 3720 290 3748; x_wconf 87' lang='lat'>²</span> <span class='ocrx_word' id='word_1_217' title='bbox 308 3725 417 3784; x_wconf 82' lang='lat' dir='ltr'>Recens</span> <span class='ocrx_word' id='word_1_218' title='bbox 436 3727 527 3786; x_wconf 74' lang='lat' dir='ltr'>adhuc</span> <span class='ocrx_word' id='word_1_219' title='bbox 548 3729 698 3797; x_wconf 73' lang='lat' dir='ltr'>memoria..</span> <span class='ocrx_word' id='word_1_220' title='bbox 732 3729 786 3787; x_wconf 91' lang='lat' dir='ltr'>Su·</span> <span class='ocrx_word' id='word_1_221' title='bbox 836 3723 886 3788; x_wconf 79' lang='lat'>46.</span> 
     </span>
     <span class='ocr_line' id='line_1_29' title="bbox 235 3793 1353 3886; baseline 0.001 -23"><span class='ocrx_word' id='word_1_222' title='bbox 235 3807 350 3884; x_wconf 80' lang='lat' dir='ltr'>perfuso</span> <span class='ocrx_word' id='word_1_223' title='bbox 370 3806 445 3865; x_wconf 79' lang='lat' dir='ltr'>enim</span> <span class='ocrx_word' id='word_1_224' title='bbox 461 3807 571 3878; x_wconf 86' lang='lat' dir='ltr'>Rheno,</span> <span class='ocrx_word' id='word_1_225' title='bbox 592 3827 713 3884; x_wconf 80' lang='lat' dir='ltr'>potuere</span> <span class='ocrx_word' id='word_1_226' title='bbox 735 3830 786 3885; x_wconf 92' lang='lat' dir='ltr'>op·</span> <span class='ocrx_word' id='word_1_227' title='bbox 876 3804 890 3842; x_wconf 70' lang='lat'>⁶</span> <span class='ocrx_word' id='word_1_228' title='bbox 925 3809 1071 3868; x_wconf 81' lang='lat' dir='ltr'>Occubuit.</span> <span class='ocrx_word' id='word_1_229' title='bbox 1125 3809 1271 3886; x_wconf 86' lang='lat' dir='ltr'>Joscphus,</span> <span class='ocrx_word' id='word_1_230' title='bbox 1298 3793 1353 3876; x_wconf 54' lang='lat' dir='ltr'>,Bell-</span> 
     </span>
     <span class='ocr_line' id='line_1_30' title="bbox 163 3887 1110 3964; baseline 0.01 -25"><span class='ocrx_word' id='word_1_231' title='bbox 163 3938 166 3939; x_wconf 11' lang='lat' dir='ltr'>a</span> <span class='ocrx_word' id='word_1_232' title='bbox 232 3887 320 3964; x_wconf 83' lang='lat' dir='ltr'>primi</span> <span class='ocrx_word' id='word_1_233' title='bbox 347 3887 478 3962; x_wconf 82' lang='lat' dir='ltr'>legiones,</span> <span class='ocrx_word' id='word_1_234' title='bbox 506 3901 535 3946; x_wconf 85' lang='lat' dir='ltr'>ct</span> <span class='ocrx_word' id='word_1_235' title='bbox 560 3891 692 3946; x_wconf 78' lang='lat' dir='ltr'>volebant</span> <span class='ocrx_word' id='word_1_236' title='bbox 714 3892 787 3948; x_wconf 83' lang='lat' dir='ltr'>Ger·</span> <span class='ocrx_word' id='word_1_237' title='bbox 835 3889 1110 3954; x_wconf 77' lang='lat' dir='ltr'>Jud.v11.4.n.3.</span> 
     </span>
     <span class='ocr_line' id='line_1_31' title="bbox 233 3963 1278 4048; baseline 0.001 -24"><span class='ocrx_word' id='word_1_238' title='bbox 233 3969 328 4026; x_wconf 83' lang='lat' dir='ltr'>mani:</span> <span class='ocrx_word' id='word_1_239' title='bbox 363 3981 395 4025; x_wconf 79' lang='lat' dir='ltr'>at</span> <span class='ocrx_word' id='word_1_240' title='bbox 420 3971 532 4027; x_wconf 81' lang='lat' dir='ltr'>obstitit</span> <span class='ocrx_word' id='word_1_241' title='bbox 556 3968 666 4036; x_wconf 84' lang='lat' dir='ltr'>Civilis,</span> <span class='ocrx_word' id='word_1_242' title='bbox 696 3970 783 4046; x_wconf 87' lang='lat' dir='ltr'>idque</span> <span class='ocrx_word' id='word_1_243' title='bbox 876 3966 1006 4028; x_wconf 64' lang='lat' dir='ltr'>&#39;Misia</span> <span class='ocrx_word' id='word_1_244' title='bbox 1046 3968 1197 4048; x_wconf 84' lang='lat' dir='ltr'>losephus,</span> <span class='ocrx_word' id='word_1_245' title='bbox 1217 3963 1278 4025; x_wconf 80' lang='lat' dir='ltr'>ibid.</span> 
     </span>
     <span class='ocr_line' id='line_1_32' title="bbox 232 4032 1351 4128; baseline -0.009 -24"><span class='ocrx_word' id='word_1_246' title='bbox 232 4065 311 4108; x_wconf 87' lang='lat' dir='ltr'>nunc</span> <span class='ocrx_word' id='word_1_247' title='bbox 349 4047 520 4126; x_wconf 83' lang='lat' dir='ltr'>imputabat.</span> <span class='ocrx_word' id='word_1_248' title='bbox 581 4049 657 4106; x_wconf 83' lang='lat' dir='ltr'>l&#39;ide</span> <span class='ocrx_word' id='word_1_249' title='bbox 694 4068 783 4128; x_wconf 86' lang='lat' dir='ltr'>supra</span> <span class='ocrx_word' id='word_1_250' title='bbox 875 4043 1221 4110; x_wconf 70' lang='lat' dir='ltr'>&#39;Addiditmuoimmta</span> <span class='ocrx_word' id='word_1_251' title='bbox 1259 4032 1351 4100; x_wconf 80' lang='lat' dir='ltr'>Sicbcl·</span> 
     </span>
     <span class='ocr_line' id='line_1_33' title="bbox 232 4123 1347 4192; baseline -0.006 -6"><span class='ocrx_word' id='word_1_252' title='bbox 232 4127 308 4186; x_wconf 86' lang='lat' dir='ltr'>Hist.</span> <span class='ocrx_word' id='word_1_253' title='bbox 324 4145 354 4186; x_wconf 84' lang='lat' dir='ltr'>v.</span> <span class='ocrx_word' id='word_1_254' title='bbox 369 4135 419 4188; x_wconf 75' lang='lat' dir='ltr'>at.</span> <span class='ocrx_word' id='word_1_255' title='bbox 833 4127 894 4186; x_wconf 90' lang='lat' dir='ltr'>lum</span> <span class='ocrx_word' id='word_1_256' title='bbox 904 4129 1075 4192; x_wconf 84' lang='lat' dir='ltr'>llloesiacutn</span> <span class='ocrx_word' id='word_1_257' title='bbox 1084 4130 1212 4189; x_wconf 87' lang='lat' dir='ltr'>celeriter</span> <span class='ocrx_word' id='word_1_258' title='bbox 1219 4123 1347 4184; x_wconf 75' lang='lat' dir='ltr'>contectum</span> 
     </span>
     <span class='ocr_line' id='line_1_34' title="bbox 243 4194 1346 4293; baseline -0.008 -25"><span class='ocrx_word' id='word_1_259' title='bbox 243 4203 454 4288; x_wconf 68' lang='lat' dir='ltr'>»⁸L1&#39;ngoncs.</span> <span class='ocrx_word' id='word_1_260' title='bbox 497 4211 542 4268; x_wconf 92' lang='lat' dir='ltr'>De</span> <span class='ocrx_word' id='word_1_261' title='bbox 563 4211 671 4289; x_wconf 89' lang='lat' dir='ltr'>quibus</span> <span class='ocrx_word' id='word_1_262' title='bbox 693 4229 781 4288; x_wconf 86' lang='lat' dir='ltr'>supra</span> <span class='ocrx_word' id='word_1_263' title='bbox 832 4220 882 4267; x_wconf 81' lang='lat' dir='ltr'>est.</span> <span class='ocrx_word' id='word_1_264' title='bbox 923 4207 955 4268; x_wconf 87' lang='lat'>&#39;0</span> <span class='ocrx_word' id='word_1_265' title='bbox 968 4204 1176 4290; x_wconf 59' lang='lat' dir='ltr'>pirrir&#39;mglolr</span> <span class='ocrx_word' id='word_1_266' title='bbox 1192 4194 1346 4293; x_wconf 62' lang='lat' dir='ltr'>uweltvrilt</span> 
     </span>
     <span class='ocr_line' id='line_1_35' title="bbox 228 4287 1344 4366; baseline 0 -18"><span class='ocrx_word' id='word_1_267' title='bbox 228 4288 306 4349; x_wconf 81' lang='lat' dir='ltr'>llist.</span> <span class='ocrx_word' id='word_1_268' title='bbox 321 4294 366 4347; x_wconf 57' lang='grc' dir='ltr'>ιγ’.</span> <span class='ocrx_word' id='word_1_269' title='bbox 382 4297 419 4349; x_wconf 82' lang='grc'>55</span> <span class='ocrx_word' id='word_1_270' title='bbox 434 4301 463 4347; x_wconf 81' lang='lat' dir='ltr'>tt</span> <span class='ocrx_word' id='word_1_271' title='bbox 476 4297 525 4359; x_wconf 83' lang='grc'>77.</span> <span class='ocrx_word' id='word_1_272' title='bbox 675 4291 684 4308; x_wconf 72' lang='lat'>⁸</span> <span class='ocrx_word' id='word_1_273' title='bbox 830 4313 878 4366; x_wconf 70' lang='grc' dir='ltr'>μσς</span> <span class='ocrx_word' id='word_1_274' title='bbox 904 4293 1011 4366; x_wconf 59' lang='lat' dir='ltr'>‘raguta&#39;</span> <span class='ocrx_word' id='word_1_275' title='bbox 1036 4290 1101 4356; x_wconf 55' lang='grc' dir='ltr'>ὅπως</span> <span class='ocrx_word' id='word_1_276' title='bbox 1123 4287 1198 4350; x_wconf 65' lang='lat' dir='ltr'>lauti</span> <span class='ocrx_word' id='word_1_277' title='bbox 1223 4287 1259 4348; x_wconf 73' lang='lat' dir='ltr'>rb</span> <span class='ocrx_word' id='word_1_278' title='bbox 1279 4293 1344 4359; x_wconf 65' lang='lat' dir='ltr'>&#39;‘lm&#39;&#39;</span> 
     </span>
     <span class='ocr_line' id='line_1_36' title="bbox 197 4365 1124 4450; baseline 0.006 -25"><span class='ocrx_word' id='word_1_279' title='bbox 197 4403 205 4425; x_wconf 56' lang='lat' dir='ltr'>r</span> <span class='ocrx_word' id='word_1_280' title='bbox 266 4365 491 4447; x_wconf 80' lang='lat' dir='ltr'>⁴Septmrgirrto</span> <span class='ocrx_word' id='word_1_281' title='bbox 512 4371 633 4430; x_wconf 72' lang='lat' dir='ltr'>millibus</span> <span class='ocrx_word' id='word_1_282' title='bbox 657 4379 780 4430; x_wconf 78' lang='lat' dir='ltr'>armato·</span> <span class='ocrx_word' id='word_1_283' title='bbox 830 4370 982 4450; x_wconf 83' lang='lat' dir='ltr'>losephus,</span> <span class='ocrx_word' id='word_1_284' title='bbox 1005 4371 1060 4430; x_wconf 92' lang='lat' dir='ltr'>loc.</span> <span class='ocrx_word' id='word_1_285' title='bbox 1075 4375 1124 4431; x_wconf 88' lang='lat' dir='ltr'>cit.</span> 
     </span>
     <span class='ocr_line' id='line_1_37' title="bbox 226 4451 778 4530; baseline 0.013 -24"><span class='ocrx_word' id='word_1_286' title='bbox 226 4467 299 4508; x_wconf 77' lang='lat' dir='ltr'>ram.</span> <span class='ocrx_word' id='word_1_287' title='bbox 341 4451 503 4521; x_wconf 67' lang='lat' dir='ltr'>frontinus,</span> <span class='ocrx_word' id='word_1_288' title='bbox 524 4453 645 4530; x_wconf 78' lang='lat' dir='ltr'>Strateg·</span> <span class='ocrx_word' id='word_1_289' title='bbox 674 4469 719 4511; x_wconf 83' lang='lat' dir='ltr'>tv.</span> <span class='ocrx_word' id='word_1_290' title='bbox 749 4458 778 4513; x_wconf 87' lang='grc'>8.</span> 
     </span>
    </p>
   </div>
   <div class='ocr_carea' id='block_1_8' title="bbox 0 0 1438 4950">
    <p class='ocr_par' dir='ltr' id='par_1_8' title="bbox 0 0 1438 4950">
     <span class='ocr_line' id='line_1_38' title="bbox 0 0 1438 4950; baseline 0 0"><span class='ocrx_word' id='word_1_291' title='bbox 0 0 1438 4950; x_wconf 95' lang='lat' dir='ltr'> </span> 
     </span>
    </p>
   </div>
  </div>
 </body>
</html>
