2859 4950
255 312 311 367 152
631 303 666 361 C.
688 298 887 361 CORNELII
908 298 1045 359 Tact'rt

252 459 395 559 quidem
407 470 440 529 et
449 453 615 555 jucundi:
643 477 795 551 quorum
820 468 935 525 tamen
951 451 1006 524 bic
1026 450 1139 525 exitus
1150 467 1215 541 est,
1240 470 1289 540 ut,
1311 452 1382 527 calm

253 592 327 649 toto
355 596 459 662 anno,
484 596 547 667 per
574 592 695 641 omnes
721 566 806 657 dies,
831 566 969 665 magni
982 565 1136 639 noctium
1158 584 1268 663 parte,
1291 593 1383 641 unum

252 692 380 763 librum
398 686 531 761 extudit
547 701 580 760 et
593 681 819 771 elucubravit,
832 706 955 781 rogare
971 683 1084 754 ultro¹
1103 700 1137 755 et
1153 682 1285 757 ambire
1301 710 1384 782 coga-

253 820 324 894 tur,
350 820 388 875 ut
404 801 483 889 sint,
509 799 569 897 qui
586 800 773 897 dignentur
788 797 928 871 audire:
955 814 990 870 et
1005 821 1050 869 ne
1066 798 1101 870 id
1119 799 1260 896 quidem
1276 802 1384 897 grat'u:

252 944 335 993 nam
351 936 385 992 et
401 920 545 993 domum
562 930 751 1001 mutuatur,
776 930 811 985 et
826 910 1035 986 auditorium
1050 914 1209 1003 exstruit,
1225 931 1260 989 et
1275 916 1385 988 subuel·

252 1036 296 1109 lia
313 1033 487 1121 conducit,
504 1049 536 1105 et
554 1030 687 1105 libellos
703 1027 888 1125 dispergit:
906 1044 941 1101 et
958 1045 996 1100 ut
1010 1029 1223 1103 beatissimus
1240 1031 1385 1103 recitatio

253 1178 335 1227 nem
357 1154 430 1249 ejus
456 1162 598 1221 eventus
624 1162 865 1242 prosequatur,
889 1144 1001 1217 omnis
1016 1146 1074 1219 illa
1090 1146 1164 1219 laus
1179 1146 1272 1219 intra
1292 1172 1383 1219 unum

251 1285 312 1343 aut
340 1267 487 1339 alterum
513 1262 618 1353 diem,
644 1264 739 1335 velut
764 1261 801 1335 in
825 1260 935 1335 herba
958 1262 1014 1334 vel
1037 1260 1123 1335 flore
1148 1282 1329 1360 praecepta,
1350 1262 1384 1333 ad

198 1455 205 1467 ‚
253 1384 386 1457 nullam
408 1398 536 1453 certam
554 1396 587 1451 et
603 1378 749 1451 solidam
775 1377 929 1473 pervenit
945 1376 1106 1476 frugem:
1133 1403 1198 1451 nec
1214 1397 1275 1451 aut
1290 1379 1385 1453 amici·

251 1500 333 1573 tiam
355 1498 435 1571 inde
460 1494 578 1584 refert,
603 1512 662 1569 aut
688 1494 895 1585 clientelam,
919 1510 977 1567 aut
1004 1518 1206 1567 mansurum
1228 1495 1267 1567 in
1287 1496 1383 1567 anino

251 1619 454 1714 cujusquam
470 1611 690 1698 beneficium,
714 1612 777 1684 sed
793 1612 980 1684 clamorem
995 1636 1137 1709 vagum,
1162 1629 1198 1683 et
1213 1636 1315 1685 voces
1329 1611 1384 1682 ina·

248 1756 324 1819 nes,
341 1745 375 1802 et
392 1728 556 1827 gaudium
572 1726 724 1800 volucre.
776 1727 1007 1800 Laudavimus
1022 1751 1146 1824 nuper,
1171 1744 1211 1799 ut
1227 1728 1346 1801 miram
1358 1743 1384 1797 et

248 1844 411 1918 eximiam
427 1842 622 1939 Vespasiani
639 1842 887 1932 liberalitatem,
912 1842 1010 1940 quod
1027 1842 1215 1940 quingenta
1230 1841 1382 1915 sestertia¹

248 1963 356 2035 Basso
373 1957 542 2031 donisset.
578 1958 770 2030 Pulchrum
784 1957 820 2029 id
838 1958 992 2055 quidem,
1007 1957 1258 2057 indulgentiam
1273 1954 1383 2031 Princi·

247 2075 300 2172 pis
315 2074 453 2172 ingenio
471 2073 617 2147 mereri:
645 2091 773 2171 quanto
789 2092 905 2146 tamen
916 2074 1112 2171 pulchrius,
1128 2074 1157 2147 si
1172 2074 1220 2147 ita
1235 2100 1291 2147 res
1302 2072 1383 2146 fasid-

248 2191 337 2263 liaris
360 2182 493 2288 'exigm
518 2214 554 2260 se
577 2190 688 2286 ipsum
712 2192 852 2278 colere}
877 2216 979 2265 suum
1001 2190 1178 2288 ingenium
1200 2190 1381 2287 propitiare,

247 2330 345 2379 suam
368 2303 515 2399 experiri
533 2304 791 2379 liberalitatem?
842 2307 965 2403 Adjice
983 2306 1081 2402 quod
1096 2305 1220 2403 poetis,
1246 2306 1274 2379 si
1290 2306 1380 2378 modo

166 2501 172 2510 ,
246 2421 392 2521 dignum
424 2420 552 2517 aliquid
585 2420 761 2494 elaborare
786 2438 820 2494 et
849 2422 983 2494 efficere
1015 2421 1135 2510 velint,
1171 2420 1381 2521 relinquenda

245 2537 457 2614 conversatio
474 2537 677 2627 amicorum,
699 2555 734 2610 et
746 2538 942 2637 jucunditas
958 2535 1078 2623 Urbis,
1103 2537 1294 2612 deserenda
1308 2554 1380 2611 cete·

244 2677 283 2726 ra
308 2651 431 2740 officia,
456 2670 564 2746 utque
579 2651 641 2747 ipsi
657 2653 790 2741 dicunt,
815 2654 853 2725 in
878 2676 1019 2727 nemora
1034 2664 1071 2726 et
1084 2655 1188 2738 lacot,
1214 2655 1253 2728 id
1273 2671 1331 2741 est,
1351 2650 1380 2721 iu

244 2767 463 2840 solitudinem
478 2767 710 2840 recedendum
727 2770 806 2841 est.⁴
1214 2756 1228 2783 ³

298 3009 354 3070 10.
380 2999 440 3070 Na
458 2997 573 3095 opinio
590 2999 731 3097 quidem
746 3019 780 3074 et
796 3000 900 3091 fama,
918 3001 974 3074 cui
991 3001 1055 3074 soli
1070 3000 1236 3092 serviunt,
1252 3017 1286 3074 et
1297 2995 1377 3098 quod

245 3139 355 3188 uuum
371 3140 444 3188 esse
461 3113 609 3210 pretium
631 3117 744 3191 onmis
759 3119 812 3191 sui
829 3119 953 3192 laboris
969 3116 1133 3206 fatentur,
1158 3117 1261 3214 aequi
1276 3132 1377 3214 poetas

243 3229 350 3328 quim
366 3215 517 3303 oratores
534 3232 709 3329 sequitur:
737 3234 901 3330 quoniam
917 3234 1108 3306 mediocres
1123 3240 1263 3329 poetas⁵
1287 3253 1376 3304 nemo

242 3347 350 3434 novit,
375 3349 485 3426 bonos
511 3347 621 3446 pauci.
674 3351 828 3445 Quando
846 3351 938 3425 enim
952 3349 1200 3450 tanssimarum
1227 3345 1375 3423 recitatio

283 3532 297 3570 ¹¹
310 3545 424 3622 Rogare
437 3549 521 3605 ultro.
556 3548 593 3605 lis
608 3549 791 3625 temporibus,
841 3571 903 3608 men
917 3552 1020 3622 colere,
1037 3550 1198 3628 propitiare,
1220 3549 1373 3607 benetimm·

240 3625 328 3702 quiam
350 3627 465 3702 rogandi
491 3629 690 3704 urnbiendique
712 3634 793 3687 audi-
839 3633 1043 3708 queexperiri.
1087 3629 1372 3690 l'ortitamenmdun·

242 3721 324 3776 toret,
343 3727 408 3784 quau
431 3707 502 3764 foret
521 3728 619 3766 eurum
640 3711 746 3768 desidia
762 3725 790 3770 et
839 3712 898 3779 dut,
910 3733 987 3770 suum
999 3714 1138 3789 ingenium
1148 3710 1310 3789 propitiare.
1334 3707 1373 3761 ll·

240 3788 373 3863 superbia
386 3788 468 3844 ducet
479 3788 685 3864 elegantissima
694 3792 790 3864 Plinii,
839 3794 873 3850 de
888 3805 944 3848 not.
958 3805 986 3849 et
1000 3795 1108 3849 erueud.
1121 3795 1158 3850 ad
1172 3811 1237 3870 cup.
1249 3800 1277 3862 9.

241 3879 263 3924 1.
281 3874 326 3925 13.
340 3868 467 3944 epistola.
877 3871 892 3905 ⁴
913 3874 1100 3930 [decedendum
1124 3881 1175 3930 est.
1217 3871 1318 3930 Melius
1338 3886 1371 3922 tt·

280 3943 293 3972 ²
322 3949 483 4026 (letingenlu
513 3951 652 4009 sestertio.
700 3952 788 4030 Angl.
837 3954 983 4011 cedendum
1008 3961 1069 4020 aaa·
1099 3964 1132 4010 ut
1156 3953 1229 4010 infra
1248 3968 1308 4027 cap.
1334 3951 1370 4002 12·

239 4025 338 4088 41662.
357 4035 415 4087 lde.
427 4031 477 4086 del.
839 4033 949 4091 Secedit
964 4034 1069 4091 aninum
1081 4035 1110 4090 in
1123 4034 1183 4091 loru
1193 4054 1273 4110 puro.

280 4104 349 4166 ³Se
371 4109 457 4184 iprum
476 4111 575 4168 colere.
616 4109 735 4180 Qtianto
749 4119 790 4168 ta·
879 4112 1066 4172 ⁵dlediorres
1076 4124 1184 4190 portur.
1225 4105 1366 4171 verterim

240 4209 303 4250 meu
318 4189 477 4266 pulchrius,
497 4193 518 4247 si
533 4190 573 4247 ita
587 4210 628 4248 rer
643 4191 789 4250 luminaris
840 4193 985 4266 lloratius,
1013 4195 1042 4252 iu
1068 4201 1139 4252 slrte
1165 4190 1282 4273 poetici,
1310 4204 1367 4243 tert·

237 4273 343 4348 exigat,
364 4289 392 4326 se
411 4269 503 4346 ipsum
519 4270 620 4340 colere,
641 4291 726 4330 suum
742 4272 788 4327 in·
836 4271 907 4341 372ss

236 4354 348 4428 genium
372 4352 534 4426 propitiare,
563 4371 643 4410 suam
666 4352 787 4428 experiri
1078 4380 1345 4444 mmmm,

238 4433 445 4504 liberalitatem,
466 4431 553 4512 quluu
576 4433 716 4511 Principis
736 4451 788 4494 uu·
835 4451 1365 4512 nontmtmmnmmommpm·
