2859 4950
74 320 102 380 l.
113 323 146 379 C.
161 327 211 378 40.
378 317 488 377 LIBRI
508 314 666 379 oc‘tnvt
686 317 925 378 ANNALIUM.
1168 324 1231 385 ³23

69 476 136 547 sub
160 472 240 547 anni
259 472 449 571 'strperioris
473 473 581 547 finem
596 469 642 545 'ad
658 496 736 545 eam
752 472 932 549 divinitatis
960 474 1138 569 insaniam,
1161 481 1225 559 sui

68 590 230 678 vanitate,
253 612 299 663 an
313 612 439 691 regum
461 588 601 663 orientis
627 588 791 663 aemulatu
819 588 1013 681 hortatuve,
1037 592 1073 665 in
1089 597 1227 691 provin.

68 706 130 781 ciis
145 722 217 779 erat
229 706 401 803 delapsus,
412 705 449 777 id
462 704 635 804 dignitan's
645 706 772 777 Romae
785 705 941 781 obtinere
956 710 1087 807 gestiit3
1107 736 1229 809 seque,

67 848 176 921 quern
200 823 352 896 verenda
366 821 568 919 Principum
589 825 748 920 mnjmtas
763 844 835 895 non
851 822 930 897 satis
946 826 1119 914 tuebatur,
1144 827 1227 901 divi·

67 938 181 1011 nitatis
208 936 303 1011 lami
327 936 510 1016 defensum
538 938 579 1011 iri
608 939 777 1036 speravit:
809 938 903 1013 haud
932 964 1067 1013 memor
1095 967 1226 1017 numen

65 1054 261 1129 immortale
287 1055 343 1127 vel
372 1054 504 1154 negatis
532 1053 723 1128 honoribus
755 1054 950 1147 valescere3
988 1054 1027 1129 iis
1057 1058 1141 1131 vero
1168 1058 1224 1133 vel

65 1171 226 1245 maximis
241 1170 425 1247 evilescere
440 1170 603 1245 mortales
618 1171 727 1245 Deos,

116 1415 176 1477 52.
203 1405 383 1479 Gaaunn
399 1402 518 1505 igitur,
542 1422 578 1479 at
594 1405 781 1494 lubricum,
806 1407 912 1503 coepit
935 1404 1114 1479 divinitatis
1130 1404 1223 1479 rudi·

60 1538 220 1594 mentum
253 1545 394 1617 ponere.
445 1522 492 1595 Se
520 1524 565 1595 ad
593 1547 715 1596 omnes
738 1522 899 1596 Deorum
928 1540 1046 1611 nutus,
1071 1521 1220 1611 habitus,

61 1635 194 1711 formas
219 1636 341 1736 fingit:
366 1661 412 1711 ne
438 1635 546 1711 sexits
573 1638 715 1735 quidem
741 1662 916 1726 reverens,
941 1638 1035 1710 Deas
1057 1635 1157 1734 aque
1182 1661 1222 1711 ac

60 1756 173 1843 Deos,
197 1777 310 1841 senes,
330 1756 489 1851 juvenes,
504 1755 676 1845 coelestes,
692 1770 884 1843 terrestres,
906 1752 1084 1851 aquatiles,
1101 1777 1223 1827 omnes

59 1868 180 1957 refert,
217 1884 400 1967 totumque
432 1869 564 1945 coelum
592 1869 629 1941 in
657 1894 694 1943 se
724 1894 795 1943 uno
825 1868 1077 1967 complectitur.
1128 1869 1222 1945 Exin

58 1986 184 2083 palatio
202 1988 383 2061 Castrum
399 1988 519 2061 Deum
535 1986 707 2083 hospitem
723 1984 889 2062 coarctati
901 2002 1008 2075 ratur,
1033 1984 1139 2058 domo
1157 1983 1220 2059 suri

57 2105 185 2176 urbem
200 2100 331 2201 cingit3
345 2108 354 2136 ¹
381 2121 415 2177 et
439 2105 515 2179 aede
532 2103 684 2179 Castoris
699 2128 740 2179 ac
756 2100 931 2177 Pollucis*
951 2100 995 2175 in'
1011 2100 1221 2176 vestibulum

57 2217 326 2317 transfigurant
352 2218 417 2293 hos
432 2217 673 2294 intermedius
700 2244 793 2318 saepe
819 2216 984 2309 consistit,
1009 2240 1115 2314 seque
1137 2218 1218 2289 ado·

58 2334 210 2407 randum
226 2334 432 2407 adeuntibus
448 2332 600 2407 exhtltet.

106 2579 169 2641 53.
197 2571 315 2665 Quot>
332 2585 448 2644 tamen
464 2569 501 2643 in
516 2568 584 2643 heic
597 2567 738 2644 stultitia
754 2569 977 2667 stupendum,
1000 2564 1219 2640 humanitatis

54 2682 186 2782 aliquid
219 2684 381 2778 retinuit;
407 2687 531 2762 lovem
560 2685 653 2760 enlm
681 2685 876 2774 aemulatus,
912 2685 998 2758 ctlm
1031 2682 1217 2780 aliquando

52 2800 195 2873 oracula
219 2793 395 2892 funderet,
419 2820 644 2902 sutoremque
671 2803 817 2878 Gallum
841 2801 1012 2876 ridentem
1038 2799 1217 2896 aspiceret,

53 2941 135 2990 eum
151 2915 389 3018 interrogarit,
415 2927 440 2963 “
458 2919 617 3017 quisnam
632 2917 693 2998 tibi
709 2919 831 2992 videor
842 2917 881 2991 ?”
908 2924 1115 3015 “magnum
1133 2915 1215 2988 deli.

56 3177 245 3248 eumenium,
258 3175 339 3248 luvris
352 3181 505 3266 ἔξιφςὸηπν.
535 3189 611 3246 Aliis
667 3187 701 3246 ab
716 3197 815 3246 aratro
835 3191 885 3246 nul
898 3185 972 3262 foco
994 3193 1130 3252 exeuntes,
1152 3201 1218 3258 quo·

56 3283 115 3320 eum
129 3265 248 3334 heremi,
259 3265 324 3323 aliis
334 3265 428 3324 Deum
439 3269 611 3339 vocantibus,
667 3289 730 3326 rum
749 3268 814 3348 agri
833 3286 938 3344 qnoque
957 3265 1088 3322 minorem
1109 3262 1217 3319 modum

55 3343 210 3402 vehementi
237 3345 348 3404 intortio
381 3357 527 3424 correptae
558 3359 613 3408 ert.
666 3349 819 3420 obtinuere,
839 3349 921 3424 quom
945 3344 1065 3402 sellario
1090 3345 1216 3401 istorum.

56 3423 170 3482 Vident
178 3423 440 3504 Philonermlaegnt.
447 3429 484 3485 ad
494 3429 611 3502 Caium,
667 3433 816 3489 Immensae
824 3427 888 3486 Cnii
899 3423 1000 3484 domis
1010 3441 1075 3502 pars
1090 3424 1216 3482 maxime

54 3523 85 3577 p.
100 3511 178 3564 1002
203 3517 233 3563 et
256 3513 343 3568 1003.
384 3511 555 3570 Suetonium
578 3511 609 3569 in
666 3512 805 3568 inmonte
819 3508 953 3570 Palatino
967 3505 1032 3562 fuit.

54 3582 139 3656 Cain,
160 3604 250 3652 xxu.
706 3587 721 3616 ²
748 3587 823 3650 AEtle
857 3585 985 3646 Castoris
1019 3606 1052 3644 tte
1081 3583 1215 3643 Pollucis.

667 3671 754 3730 AEdes
780 3670 831 3728 illn
855 3669 912 3727 fuit
936 3668 965 3724 itt
991 3667 1051 3724 loro
1076 3663 1214 3734 Romano,

97 3742 107 3770 ¹
132 3746 237 3808 Urbem
250 3747 350 3826 cingit.
393 3749 607 3829 Domumque
665 3752 739 3810 inter
770 3749 968 3828 Capitolinum
997 3759 1026 3806 et
1051 3744 1214 3806 Palatinum

52 3825 108 3883 sun
123 3829 319 3906 magnitudine
330 3843 393 3888 etot
406 3830 471 3888 urbi
484 3851 547 3910 par,
558 3853 609 3890 ert-
665 3847 784 3890 montes.
826 3831 948 3889 Manent
968 3829 1064 3886 adhuc
1084 3837 1138 3882 trcs
1153 3827 1214 3902 ejus

51 3907 149 3966 struit.
179 3907 254 3967 Plin.
267 3929 388 3970 xxxvi.
404 3915 451 3970 15.
465 3913 542 3972 Soet.
556 3919 606 3974 ⁴24.
666 3913 809 3972 columnae
828 3931 917 3989 prope
938 3908 1089 3968 ecclesiam
1109 3918 1215 3964 sanctae

53 4003 83 4043 1¹·
97 3993 126 4044 5·
167 3989 227 4050 Seu
246 4011 292 4050 eos
312 4011 403 4050 omnes
427 3993 488 4050 dure
511 3995 605 4053 dorum
667 3994 770 4052 Mariae
785 3991 976 4054 Liberatricis.

54 4067 193 4127 vicerunt.
214 4069 267 4129 nn
279 4072 606 4134 cidimuanrbcmtotnm
705 4068 718 4104 ³
745 4073 783 4132 ln
810 4071 973 4132 nestibulum
998 4061 1213 4144 transfigurati·

55 4147 132 4226 cingi
143 4150 206 4208 Caii
218 4159 247 4209 rt
261 4153 397 4223 Neronia,
410 4161 438 4210 et
450 4153 533 4231 lujm
547 4155 606 4231 qni·
666 4155 784 4214 Sueton.
810 4156 840 4211 itt
862 4153 943 4222 Caio,
977 4167 1057 4208 xxti.
1098 4146 1214 4210 liudem

48 4225 115 4284 ulem
132 4235 185 4298 (rte
199 4232 268 4309 quid
279 4233 404 4305 deceret)
420 4233 517 4296 nureti.
551 4235 608 4292 Ni·
664 4235 752 4313 hujus
764 4233 981 4310 vestibuli,quae
995 4231 1091 4289 adhuc
1105 4235 1212 4315 extant,

54 4307 155 4393 trit-um
174 4312 215 4371 tic
234 4313 399 4373 Mlitdrunt
417 4313 470 4382 itti,
491 4315 539 4392 qui
556 4315 606 4373 loc
665 4319 782 4376 exhibet
813 4315 859 4374 Cl.
893 4313 1030 4382 Piranesi,
1063 4305 1212 4365 Anticlea

55 4389 198 4464 tmpert‘ttm
207 4393 319 4473 secere,
339 4403 434 4454 tentor
446 4395 485 4454 ad
496 4395 608 4454 uincer-
666 4396 798 4461 hincne,
820 4396 875 4454 tol.
890 4413 911 4453 1.
932 4393 1004 4452 Tab.
1021 4397 1070 4452 33.
1084 4406 1111 4446 n·
1126 4396 1151 4442 l.

55 4465 214 4550 uergentes
227 4473 434 4557 triumphosque
446 4475 607 4555 referendos
