2859 4950
58 304 184 371 J.C.46.
348 302 459 367 LIBRI
480 302 633 365 DECIbll
654 302 894 363 ANNALIUM.
924 316 929 326 “
1146 314 1207 376 427

59 471 78 505 “
100 462 222 537 bberos
236 457 327 551 fore,
349 484 416 535 nec
431 460 605 535 redituros
619 458 657 531 in
672 457 839 533 ditionem
868 457 1012 549 domini,
1036 460 1206 541 siconia·

58 586 78 620 “
100 578 259 653 luissent:
286 577 386 675 qubd
401 576 430 650 si
446 576 528 673 quis,
549 598 674 649 necare
703 600 810 673 quem
839 576 957 651 mallet
973 576 1081 676 quam
1097 606 1205 681 expo.

57 704 79 736 “
100 720 193 785 nere,
217 719 301 768 eum
316 693 421 767 caedis
438 690 582 766 crimine
598 691 747 763 teneri.''

101 940 159 1001 80.
185 930 335 999 Venuu
362 927 407 999 ab
435 948 539 1022 aequo
567 922 612 994 ad
642 920 824 995 temeraria
851 922 921 999 cito
951 926 1146 1025 degressus,
1172 952 1207 1007 et

54 1043 141 1143 aegrd
173 1042 289 1117 ferens
316 1039 470 1115 absentii
499 1039 723 1139 litigatorum,
748 1040 808 1137 qui
841 1066 887 1113 ne
915 1042 1018 1117 causi
1045 1047 1209 1122 caderent

53 1162 266 1249 verebantur,
287 1158 415 1258 judicia
428 1157 486 1231 vel
502 1156 668 1229 retardari
696 1157 752 1229 vel
777 1155 949 1255 impediri,
973 1164 1207 1254 pronuntiavit
1253 1189 1255 1197 ⁴

54 1282 77 1318 “
99 1300 135 1349 se
149 1276 346 1351 absentibus
371 1273 473 1371 aequd
491 1299 530 1347 ac
554 1273 781 1371 praesentibus
810 1298 948 1347 causam
978 1274 1206 1353 dicturum.”¹

54 1390 183 1465 Deinde
209 1392 308 1465 nullo
337 1391 475 1463 delectu
503 1388 653 1486 culpine
682 1388 773 1486 quis,
798 1412 842 1461 an
867 1390 982 1488 aliqui
1008 1396 1207 1472 necessitate

55 1506 237 1599 cessasset?
262 1506 465 1581 sententiam
497 1504 586 1578 tulit
638 1503 739 1578 Cum
765 1522 880 1577 tamen
909 1507 1036 1607 vulgus
1066 1510 1209 1601 utilitate

54 1623 185 1717 publici
213 1624 333 1697 mimis
349 1622 458 1723 quim
473 1622 650 1717 voluptate
678 1638 873 1711 moveatur,
897 1622 973 1696 haec
995 1625 1208 1723 judiciorum

52 1740 216 1813 temeritas
232 1740 327 1813 haud
342 1739 389 1811 ita
405 1737 475 1811 fuit
486 1736 630 1836 ingrata.
669 1741 721 1809 At
737 1736 855 1810 eviluit
871 1739 1015 1814 uxorius
1029 1742 1207 1843 Princeps,

52 1854 141 1950 qubd
158 1856 340 1946 Sabinum,
367 1855 453 1930 Caio
479 1854 708 1951 imperitante,
736 1854 861 1927 Galliae
887 1854 1106 1951 praefectum,
1130 1879 1207 1935 tum

51 1972 146 2044 morti
171 1972 221 2045 in¹
237 1971 441 2073 gladiatorio
470 1972 657 2045 certamine
685 1970 908 2061 destinatum,
945 1974 1131 2048 Messalina
1159 1980 1206 2051 ob

50 2086 294 2163 adulteriorum
309 2088 507 2162 societatem
523 2086 715 2161 servisset.3
766 2088 937 2178 Foemina,
963 2106 1065 2163 atrox
1093 2092 1203 2166 libidi-

50 2224 142 2293 num,
167 2230 255 2303 quas
287 2221 414 2301 praeter
440 2202 636 2278 Claudium
669 2203 785 2275 cuncti
818 2222 1014 2293 noscerent,
1040 2210 1207 2307 majorem
1313 2288 1318 2297 ,

50 2318 156 2393 adhuc
184 2320 354 2395 invidiam
383 2319 575 2411 concitavit,
604 2320 690 2395 etim
706 2322 951 2409 Mnesterem,4
976 2320 1028 2395 his
1045 2326 1208 2421 tempori-

50 2432 109 2508 bus
136 2435 337 2512 histrionici
367 2438 469 2513 laude
502 2462 694 2526 summum,
720 2436 847 2534 stupris
874 2436 921 2510 ita
953 2436 1143 2538 inligisset,
1168 2458 1207 2515 ut

49 2572 107 2624 nec
123 2578 206 2628 eum
221 2555 259 2626 in
275 2579 415 2629 scenam
432 2555 571 2654 prodire
587 2555 726 2645 sineret,
752 2579 817 2627 nec
833 2554 906 2652 ipse
922 2555 1039 2644 vellet,
1060 2557 1207 2654 juraret·
1328 2567 1336 2584 '

50 2691 113 2763 que
130 2671 301 2745 Claudius
329 2671 429 2744 illum
457 2697 577 2745 secum
606 2695 678 2742 non
707 2695 794 2759 esse,
820 2688 854 2742 et
881 2696 944 2768 per
961 2695 997 2743 se
1014 2695 1086 2745 non
1115 2691 1205 2748 stare

49 2786 234 2878 quominus
256 2787 370 2862 vellet.
425 2789 522 2886 Quid
548 2788 654 2861 mirer
679 2787 788 2888 magis
805 2787 1001 2862 Messalinae
1019 2788 1204 2882 licentiam,

47 2900 264 2976 audaciamne
280 2906 479 2995 Mnesteris,
491 2930 536 2978 an
552 2905 672 3003 populi
690 2903 843 2978 Romani
859 2921 1015 3002 questuS,
1025 2929 1070 2978 an
1083 2925 1204 2980 contu·

48 3015 159 3091 melias
174 3019 357 3118 Principis,
382 3021 476 3095 haud
493 3023 652 3096 dixerim.

92 3259 151 3322 31'.
177 3253 224 3324 In
241 3251 336 3325 tanti
353 3252 565 3354 prinq'patlis
580 3253 808 3353 indiligentia,
833 3277 979 3327 evenere
996 3271 1111 3327 tamen
1124 3283 1205 3354 quae

48 3382 187 3461 magnos
216 3369 392 3467 Principes
421 3361 515 3445 baud
542 3372 792 3445 dedecuissent.
846 3371 1013 3470 Regnata-
1038 3370 1205 3446 hactenus

49 3475 191 3556 Thracia
212 3484 249 3556 in
270 3485 483 3581 provinciam
512 3489 676 3561 redacta.⁵
726 3487 939 3560 Percelebn's
968 3513 1109 3586 quoque
1137 3487 1205 3563 fuit

49 3587 167 3693 legatio
184 3598 206 3672 ὲ
223 3595 456 3698 Taprobane⁶
471 3603 583 3677 missa.
621 3603 787 3676 Alterum
803 3605 926 3676 orbem
942 3622 1114 3678 terrarum
1126 3602 1205 3678 'esse

87 3923 96 3952 ¹
119 3929 284 3993 Dictorum.
327 3935 395 4006 Dio,
411 3955 466 3995 nx.
480 3957 510 4014 p.
525 3935 595 3998 ost.
650 3936 790 3996 Chronir.

84 4001 99 4030 ²
119 4007 270 4073 Caedem.
313 4015 431 4075 Sueten.
444 4019 474 4075 in
490 4021 595 4078 Claud.
691 4012 704 4044 ⁶
741 4017 939 4096 Taprobane·
968 4017 1057 4077 Nunc
1090 4017 1204 4099 Ceylon,

53 4101 103 4146 XV·
650 4099 746 4157 insula
762 4100 849 4168 torius
858 4097 983 4156 Orientis
998 4099 1202 4176 pulcherrima,

86 4163 96 4197 ³
117 4169 274 4234 Serodsset.
316 4175 393 4246 Dios
405 4176 462 4236 loc.
477 4178 527 4237 cit.
651 4193 797 4257 quondam
814 4179 1025 4249 Lusituuorurn,
1035 4182 1134 4240 deinde
1148 4185 1203 4240 Bn-

86 4245 301 4315 ⁴Mncsterem.
346 4258 413 4328 Dio,
436 4259 507 4317 ibid.
651 4251 793 4330 uirorum,
827 4260 911 4316 lindie
938 4262 1097 4338 Angloruru
1125 4281 1203 4321 com·

87 4325 257 4395 ’Reductm
322 4337 516 4420 Hieronymus
567 4342 597 4399 in
650 4339 965 4401 mercioceleberrimu.
