2859 4950
227 321 284 418 rao
527 311 539 328 ’
587 349 623 409 c.
643 309 841 407 corruent
862 330 1000 401 rnerrr
1085 307 1100 366 ἵ

225 503 420 594 homiuum,
444 503 504 580 sed
521 497 649 576 desidit
670 485 874 601 juventutis,
892 511 926 570 et
947 486 1157 594 negligentll
1173 495 1352 590 pareutum,¹

226 640 262 700 et
277 618 451 696 inscientia
463 617 746 718 prtecipientium‚
762 631 797 688 et
813 605 982 686 oblivione
1000 607 1105 680 moris
1119 605 1269 704 antiqui?
1284 605 1354 704 quae'

228 737 317 816 mala
333 735 487 836 primum
503 735 538 807 in
555 731 654 807 Urbe
676 748 767 822 nata,
791 753 876 800 mox
898 750 961 822 per
983 723 1114 797 Italiam
1137 721 1226 810 fusa,
1245 722 1354 820 jamin

227 851 419 954 provincias
439 865 601 922 manante
628 834 1100 950 quamquanrnostra'riobis
1122 838 1255 911 riotiora
1276 851 1354 909 sunt.

228 969 308 1067 Ego
332 967 376 1039 de
404 967 517 1055 Urbe,
543 963 652 1036 ethis
677 957 822 1057 propriis
843 981 883 1028 ac
906 953 1097 1058 vernaculis
1121 953 1209 1026 vitiis
1236 953 1356 1049 loquar,

229 1108 310 1182 quae
326 1099 424 1156 natos
448 1079 559 1158 statim
582 1077 770 1174 excipiunt,
793 1062 827 1147 et
851 1069 1091 1171 pel‘bin'gulos
1114 1069 1221 1144 aetatis
1245 1065 1359 1166 gradus

229 1198 472 1285 cumulantur;
500 1195 527 1268 si
553 1195 651 1291 prius
673 1194 719 1264 de
740 1191 916 1264 severitate
937 1214 976 1261 ac
1001 1184 1178 1283 disciplina
1202 1186 1358 1282 majorum

230 1313 321 1388 circa
354 1311 550 1386 educandos
575 1307 844 1402 formandosque
872 1305 998 1376 liberos
1030 1325 1138 1400 pauca
1154 1298 1358 1397 'praedixero-

230 1427 307 1504 lam
319 1427 487 1524 primum,
504 1451 585 1500 suus
602 1426 727 1522 cuique
742 1423 847 1511 filius,
859 1447 904 1494 ex
920 1419 1014 1494 casti
1023 1425 1163 1518 parente
1174 1431 1285 1502 nature,
1299 1433 1361 1484 nou

231 1543 268 1616 in
284 1541 372 1616 celli
397 1561 498 1616 emta:
524 1539 678 1629 nutriciS,
702 1539 763 1612 sed
789 1537 922 1637 gremio
947 1563 986 1609 ac
1011 1537 1087 1610 sinu
1112 1534 1229 1607 matris
1252 1531 1362 1605 educa·

146 1705 151 1728 .
231 1659 345 1746 batur,
361 1660 459 1756 eujus
483 1656 656 1757 praecipua
678 1655 752 1727 laus
768 1672 852 1741 erat,
876 1653 965 1725 tueri
981 1652 1138 1741 domum,
1155 1668 1189 1724 et
1212 1649 1363 1723 inservire

232 1773 358 1846 liberis.
408 1770 608 1869 Eligebatur
635 1787 750 1842 autem
783 1770 895 1866 aliqua
923 1772 1033 1866 major
1059 1783 1141 1840 natu
1169 1768 1362 1872 propinqua,

232 1889 330 1984 cujus
347 1885 496 1983 probatis
518 1887 743 1984 spectatisque
759 1885 912 1958 moribus
927 1885 1039 1958 omnis
1060 1886 1214 1982 ejusdem
1239 1882 1364 1955 farnlliae

232 2002 370 2075 soboles
393 2001 677 2090 committeretur,
702 1995 818 2072 coram
844 1999 914 2096 qui
936 2024 1051 2098 neque
1075 1999 1189 2072 dicere
1215 1999 1267 2073 fas
1290 2014 1364 2085 erat,

233 2117 329 2214 quod
363 2131 465 2214 turpe
493 2117 600 2206 dictu,
629 2141 743 2214 neque
768 2114 894 2205 facere,
921 2117 1015 2214 quod
1039 2115 1260 2188 inhonestum
1283 2113 1364 2188 iactu

232 2230 418 2305 videretur.
469 2237 524 2306 Ac
541 2257 612 2305 non
629 2233 740 2306 studia
755 2234 863 2306 modb
880 2257 1061 2330 curasque,
1078 2235 1137 2305 sed
1162 2233 1365 2305 remissiones

150 2353 155 2364 '
233 2346 335 2420 etiam
351 2348 514 2446 lususque
531 2374 734 2446 puerorum,
750 2349 923 2422 sanctitate
940 2348 1089 2446 quidam
1112 2373 1153 2420 ae
1169 2345 1366 2422 verecundii

233 2463 454 2561 temperabat.
506 2463 562 2538 sic
596 2463 794 2539 Corneliam
823 2463 1091 2553 Gracchorum,¹
1124 2465 1171 2538 sic
1199 2465 1367 2539 Aureliam

234 2580 410 2668 Caesaris,²
434 2578 481 2651 sic
511 2580 650 2653 Atiam³
677 2579 829 2678 Augusti
857 2598 1002 2652 matrem
1025 2578 1203 2675 praefuisse
1232 2580 1369 2654 educati-

234 2694 371 2784 onibus,
404 2720 443 2768 ac
476 2697 679 2791 produxisse
704 2695 873 2794 principes
902 2696 1026 2769 liberos
1054 2696 1274 2792 accepimus:
1299 2720 1369 2794 quae

235 2806 410 2905 disciplina
435 2802 649 2883 ac'severitas
665 2812 708 2884 eb
734 2810 935 2908 pertinebat,
961 2823 1003 2883 ut
1018 2810 1160 2900 sincera,
1177 2828 1212 2884 et
1234 2814 1369 2911 integra,

234 2938 270 2994 et
298 2924 401 2998 nullis
425 2924 642 3022 pravitatibus
672 2928 817 3016 detorta,
851 2926 1117 3025 uniuscujusque
1150 2944 1273 3000 natura
1304 2944 1369 2999 toto

205 3080 209 3107 ι
235 3038 347 3113 statim
363 3058 501 3140 pectore
517 3042 680 3140 arriperet
697 3060 786 3117 artes
807 3042 979 3132 honestas,
995 3058 1029 3141 et
1054 3042 1124 3114 sive
1139 3043 1184 3115 ad
1200 3068 1277 3117 rem
1294 3040 1370 3115 mili·

280 3336 290 3365 ¹
306 3336 460 3397 Corneliam
469 3340 668 3401 Gracchorum.
680 3345 782 3401 Cicero
832 3346 925 3425 potuit
945 3342 1150 3419 inlitaeque
1174 3343 1267 3404 minus
1287 3342 1370 3401 Rome

241 3418 358 3475 declar.
373 3419 455 3477 Orat.
470 3440 503 3477 cu
527 3428 592 3486 .27.
615 3422 680 3479 l'ru't
690 3422 716 3479 G
722 3444 782 3481 rac·
835 3446 940 3501 qurupue
950 3432 1129 3499 ponerentur,
1148 3422 1234 3481 sicuti
1247 3420 1371 3483 Cornelia

235 3498 308 3559 elus
328 3498 476 3575 diligentia
496 3442 630 3559 ganeruo
645 3502 744 3561 ruulris
764 3506 782 3560 (l
836 3506 1026 3565 Gracchorum
1039 3504 1134 3572 metri,
1149 3524 1208 3579 que
1217 3502 1284 3581 fuit
1299 3500 1370 3579 Asrt'·

236 3596 326 3663 puero
339 3578 445 3647 doctus,
457 3588 484 3638 et
500 3581 607 3639 Grecis
621 3582 711 3641 literis
721 3604 784 3647 cru-
836 3586 899 3647 cuur'
930 3573 1084 3661 (Scipionis
1116 3584 1243 3661 majoris)
1274 3580 1370 3661 prioris

243 3656 336 3746 ditus:
369 3654 469 3714 deinde
493 3680 557 3736 cap.
583 3668 631 3719 58.
654 3662 783 3741 Legimus
824 3666 903 3739 filiu.
938 3664 1116 3723 Sedcusluu'c
1130 3664 1370 3740 purirusoteequ

193 3788 196 3793 .
241 3738 373 3813 eputolos
399 3736 541 3808 Cornelia,
569 3742 666 3800 matris
692 3744 785 3802 Grac·
834 3746 893 3802 aine
906 3754 1014 3801 autento
1025 3745 1067 3816 (id
1080 3756 1131 3810 est,
1140 3746 1199 3801 aine
1209 3745 1283 3814 loro)
1294 3742 1371 3817 insig-

238 3816 374 3905 clerum:
397 3829 514 3893 apparet
515 3820 598 3895 filios
618 3841 670 3877 nou
683 3830 740 3881 tum
754 3825 783 3880 iu
836 3826 887 3892 nis,
901 3826 929 3880 iu
944 3824 1056 3881 Metelli
1064 3824 1176 3902 publici
1183 3826 1306 3900 porticu:
1320 3840 1371 3899 qur

242 3898 341 3955 enutris
360 3898 465 3975 gremio
486 3900 624 3981 educatos,
646 3904 726 3977 quum
755 3904 783 3959 iu
835 3912 931 3961 statua
952 3924 1023 3963 nuuc
1044 3913 1085 3961 cat
1103 3905 1132 3963 iu
1146 3903 1270 3965 Oetaeis
1290 3900 1370 3980 operi·

241 3978 480 4035 remunerarent.
512 3980 556 4036 De
569 3980 703 4038 laudibus
715 3982 784 4040 Cor·
836 3986 895 4041 bus.

242 4056 324 4114 nelioe
351 4056 436 4134 plura
453 4058 539 4117 hebet
562 4060 735 4120 Plutarchus
754 4063 783 4120 in
876 4061 890 4089 ²
923 4064 1067 4121 Aurelium
1095 4063 1223 4121 Cereris.
1259 4060 1369 4121 Aurelia

244 4136 371 4218 Gracch.
385 4156 413 4215 p.
428 4134 496 4197 836.
529 4140 562 4197 Ei
578 4150 672 4198 statua
686 4142 784 4199 Rornae
838 4144 871 4201 C.
883 4142 954 4201 lulii
972 4144 1099 4213 Caesaris,
1113 4144 1268 4216 dictatoris,
1281 4157 1370 4201 muter.

241 4216 344 4293 posita,
358 4217 392 4272 de
405 4218 463 4292 qua
483 4218 601 4292 Plinius,
624 4240 741 4279 xxxrv.
755 4218 784 4279 6.
838 4224 913 4281 Vide
926 4227 1013 4281 Stem.
1024 4228 1097 4283 Caes.
1111 4244 1138 4281 n.
1152 4231 1180 4283 2.

243 4296 352 4352 Extant
366 4294 480 4355 Catonis
499 4299 528 4357 in
548 4300 665 4358 censure
684 4300 787 4377 uocife-
878 4298 889 4331 ³
922 4303 1029 4361 Atium.
1076 4306 1121 4361 De
1153 4302 1231 4374 ntia,
1255 4294 1369 4377 Augusti

242 4376 785 4463 rationes,ntulieriburllomnrrisiupru·
839 4392 937 4455 matre,
958 4385 1069 4445 dictum
1095 4404 1209 4465 quoque
1233 4384 1263 4441 iu
1290 4382 1371 4439 Stern.

241 4454 341 4525 eruerit
363 4463 473 4527 statuar
489 4460 567 4539 porri,
607 4460 671 4532 Nec
695 4470 786 4523 terren
838 4462 909 4524 Cres.
922 4483 951 4525 u.
966 4472 1011 4528 14.
