2859 4950
240 265 300 329 'sas
553 295 557 301 ·
654 260 998 330 suntunttautuir
1177 266 1368 343 aucam.

240 425 376 525 quoties
392 426 531 524 signum
547 428 698 522 petebat,
708 426 867 515 Veneris,
886 425 1080 523 Cupidinis,
1092 424 1245 523 Priapive
1260 454 1374 526 semper

241 541 426 638 acciperet,
469 541 505 612 in
530 540 687 631 crimina,
726 567 914 639 causasque
955 542 1059 615 caedis
1091 546 1373 641 exaggerareaad

240 654 375 732 facinus
390 656 552 747 adscitos,
569 656 743 749 laudibus,
755 656 924 757 exemplis
937 660 1138 731 accendere.

268 932 272 939 ·
294 898 353 969 70.
378 891 474 963 Erus
492 890 632 964 consilia
647 888 760 963 ferme
778 890 947 987 oppressit
963 890 1089 965 casus*
1141 890 1290 987 Quidam
1301 890 1374 965 enim

242 984 436 1079 Timidius²
477 1008 722 1103 Pompedium,
764 1024 973 1097 senatorem,
1012 1008 1115 1106 gestis
1149 1008 1373 1107 magistratibus

240 1122 424 1221 insignem,
451 1139 527 1195 tum
553 1124 735 1219 Epicurea:
761 1123 890 1197 scholae
902 1124 1033 1221 placitis
1050 1124 1086 1195 in
1110 1124 1180 1197 otia
1195 1125 1372 1211 resolutum,

243 1238 471 1335 conjurationi
503 1258 620 1312 tamen
645 1240 827 1330 innexum,
862 1242 958 1338 quasi
984 1241 1161 1339 probrosis
1186 1239 1374 1315 sermonibus

242 1354 439 1451 Principem
472 1356 652 1437 inlusisset.
698 1359 881 1456 majestatis
925 1356 1115 1447 arcessivit3
1156 1354 1316 1455 petiitque
1346 1368 1373 1424 ut

241 1471 427 1565 Quintilla,
440 1472 611 1547 theatricis
624 1474 751 1571 operis,
765 1474 878 1547 venali
891 1472 1163 1571 pulchritudine.
1174 1491 1208 1547 et
1223 1466 1374 1569 Pompedi

240 1587 459 1685 aliorumque
488 1590 723 1687 plurimorum
754 1592 929 1664 amoribus
963 1587 1107 1679 famosa,
1140 1608 1206 1687 per
1231 1604 1374 1662 tonnenu

243 1702 526 1802 interrogaretur.
577 1708 713 1780 Adnuit
738 1708 864 1799 Caius;
905 1735 944 1781 ac
971 1708 1126 1805 nequid
1153 1704 1378 1804 suppliciorum

155 1855 158 1864 ¹
245 1820 419 1893 acerbitati
447 1822 592 1913 deesset,
617 1827 734 1922 jussus
762 1826 910 1899 Clraerea
926 1850 1003 1897 eam
1021 1824 1206 1921 quaestioni
1223 1821 1375 1919 subjicere,

244 1936 280 2008 in
297 1954 469 2011 tormenta
485 1940 529 2012 eb
548 1941 657 2038 magis
673 1942 874 2029 duraturus,
890 1942 963 2041 qui)
981 1940 1081 2013 toties
1097 1940 1234 2039 objecta
1250 1930 1375 2011 mollitiei

245 2054 388 2127 crimina
401 2058 511 2155 magis
524 2058 663 2131 odisset.

296 2298 355 2368 71.
387 2294 458 2364 Hrs
501 2293 662 2393 vulgatis,
704 2293 827 2392 ingens
868 2292 934 2367 fuit
980 2294 1244 2391 conjuratorum
1275 2301 1373 2361 metus

245 2408 365 2497 Multi,
384 2426 422 2482 ut
439 2408 522 2507 quid
536 2411 599 2483 sibi
612 2413 823 2507 sperandum
840 2408 1144 2484 formidandumve
1160 2404 1377 2507 intelligerent,

247 2525 465 2620 Quintilium,
501 2528 586 2599 cum
616 2530 659 2599 ad
688 2527 855 2626 supplicia
888 2531 1092 2616 ducebatur,
1119 2523 1276 2599 invisere.
1323 2517 1377 2602 llll,

246 2663 351 2737 supra
367 2641 633 2714 fortissimorum
647 2643 802 2717 virorum
825 2647 957 2718 animos
974 2659 1099 2732 erecta,
1119 2640 1224 2714 unius
1243 2639 1263 2712 ὲ
1285 2636 1378 2732 conju*

247 2758 328 2827 ratis
357 2759 481 2852 pedem
522 2761 610 2854 pede
639 2761 774 2856 pressit,
801 2777 959 2858 nutuque
988 2739 1178 2833 ¹oculorum
1207 2783 1245 2830 se
1282 2745 1379 2828 silenti

248 2873 399 2959 firmam,
429 2890 463 2944 et
496 2875 684 2947 adversum
725 2893 897 2948 tormenta
930 2875 1092 2949 invictam
1128 2871 1206 2946 fore
1246 2863 1391 2948 ostendit?

229 2987 410 3077 Chaerea,
437 2992 606 3089 grandem
639 2991 790 3063 animani
816 3010 951 3080 nactus,
977 3008 1073 3064 tanto
1102 2988 1264 3062 acerbitls
1285 2977 1378 3064 saevlllt

248 3107 347 3201 quod
377 3105 443 3179 hac
470 3107 524 3179 viai
548 3110 722 3203 promtius
749 3107 949 3206 certidsque
975 3109 1020 3180 ad
1036 3105 1204 3203 Principis
1220 3099 1379 3201 perniciem

156 3220 160 3232 '
248 3223 425 3318 properari
436 3225 707 3319 persentisceret.
758 3227 851 3298 Exin
866 3225 1083 3323 Quintilium,
1096 3219 1233 3295 defecto
1247 3237 1380 3314 corporei

249 3339 310 3410 sed
321 3342 459 3413 excelsi
471 3363 587 3414 mente
603 3343 797 3432 immotam,
815 3345 858 3417 ad
877 3345 1002 3417 Caium
1012 3337 1197 3438 perduxit3
1226 3357 1325 3434 quam
1338 3323 1380 3401 ubi

251 3455 347 3543 vidit,
364 3459 543 3547 miserans,
559 3458 791 3556 Pompedium
808 3461 966 3548 absolvit,
985 3455 1202 3554 Quintilium,
1227 3453 1262 3524 in
1279 3441 1380 3522 doloris

250 3573 422 3662 levamen,
434 3575 637 3672 amissaeque
649 3576 775 3651 formae
791 3576 966 3665 solatium,
983 3571 1130 3672 pecunia
1143 3567 1292 3642 donavit.

304 3819 363 3883 72.
390 3813 453 3880 Aa·
474 3809 635 3898 Cbaerea,
658 3809 814 3906 periculo
832 3805 1053 3904 violentique
1078 3803 1277 3878 crudelitate
1292 3813 1379 3873 anob

252 3905 434 4021 Papinium
461 3926 654 4012 tribunum,
683 3926 929 4013 Clementem,³
955 3921 1243 4020 praetorianorum
1266 3907 1378 4015 praefec·

297 4207 469 4286 'Oppressit
483 4230 572 4269 cusos.
600 4211 694 4279 Quem
710 4229 808 4268 casum
860 4199 987 4283 Τιμιῧως.
1264 4279 1269 4292 ¹
1365 4259 1375 4272 ,,

256 4289 318 4353 fuse
349 4305 487 4348 urernorat
519 4291 671 4369 loseplrus,
706 4291 809 4370 Antiq.
901 4285 1111 4348 ³Clcrnentem.
1134 4263 1376 4345 Forrtfiltumlul

255 4371 325 4429 Jud.
340 4390 411 4428 xix.
436 4381 461 4427 1.
476 4391 505 4430 u.
519 4379 548 4430 5.
862 4371 1026 4444 Clementis,
1046 4371 1153 4448 dequo
1167 4351 1378 4444 supranotati

297 4447 311 4475 ²
333 4451 480 4518 Timidita-
504 4452 655 4530 losephus,
677 4453 735 4513 loc.
759 4454 811 4514 cit.
862 4458 913 4512 2³.
