2859 4950
544 268 781 378 Genusum.
806 356 811 365 ¹
1193 284 1229 339 31

69 426 155 523 plus
173 446 236 521 per
252 418 366 495 otium
389 420 594 521 transigunt,
620 422 725 496 dediti
745 447 881 515 somno,
898 422 1056 525 ciboque.
1107 429 1232 507 Fortis·

71 542 185 613 simus
197 539 348 637 quisque
360 564 398 612 ac
408 539 684 614 bellicosissimus
694 540 778 613 nihil
792 567 909 640 egem,
922 544 1078 642 delegati
1089 546 1232 639 domus,

72 676 109 729 et
124 656 321 753 penatium,
336 672 371 727 et
385 680 550 754 agrorum
566 655 652 727 curia
677 654 827 729 foeminis
844 658 1061 755 senibusque,
1080 678 1113 733 et
1137 664 1231 735 infir-

76 772 228 845 missimo
255 770 382 869 cuique
398 796 443 842 ex
459 769 600 860 fartilia,
617 770 680 867 ipsi
702 772 829 843 hebent
842 776 875 843 :¹
902 774 989 845 miri
1014 776 1205 851 diversitate
1216 781 1237 812 ²'

83 906 223 976 nsnuae,
249 887 338 959 cum
352 887 456 959 iidem
478 888 636 959 homines
652 887 698 959 sic
716 904 831 997 arpent
848 888 1017 977 inertiam,
1043 909 1077 963 et
1094 894 1229 967 oderint

80 1002 240 1099 quietem.
293 1005 377 1078 Mos
405 1020 456 1075 est
483 1003 686 1094 civitatibus,
713 1004 805 1075 ultro
829 1029 869 1075 ac
896 1004 1044 1075 viritim³
1071 1006 1229 1083 conferre

74 1117 302 1215 principibus,
335 1119 389 1191 vel
426 1123 690 1210 armentorum‚⁴
721 1120 775 1193 vel
817 1116 987 1217 frugum,⁵
1030 1123 1124 1221 quod
1163 1150 1228 1222 pro

73 1232 210 1309 bonore
226 1252 421 1334 acceptum,
437 1236 540 1310 etiarn
554 1234 831 1337 necessitatibus⁶
848 1237 1014 1311 subvenit.
1063 1240 1228 1339 Gaudent

73 1519 167 1577 multi
181 1520 284 1579 eruditi
297 1521 362 1589 viri,
381 1521 503 1582 deletam
525 1522 624 1581 volunt
677 1532 728 1591 est,
741 1522 819 1597 qubd
834 1521 942 1597 impetu
956 1521 1054 1599 magis,
1076 1520 1164 1597 quam
1179 1542 1223 1583 ra·

74 1600 254 1675 particulam
266 1622 331 1661 non.
353 1604 438 1663 Certe
450 1605 527 1663 rectb
539 1606 625 1663 omit-

78 1693 201 1739 teretur.
240 1682 318 1739 Idem
337 1694 430 1743 tamen
446 1705 551 1753 sensus,
573 1706 621 1742 seu

75 1760 226 1830 retinetur,
235 1781 282 1820 seu
294 1765 446 1823 omittitur.
470 1766 537 1822 Plus
546 1768 621 1822 enim

72 1843 213 1918 temporis
246 1860 298 1921 per
326 1847 419 1902 otium
452 1849 621 1921 transigunt,

72 1923 166 1998 quam
191 1925 348 1982 venatibus.
390 1926 494 1984 Paucis
520 1929 623 1984 mensi-

72 2004 131 2060 bus
145 2017 300 2063 venantur:
316 2005 458 2081 reliquum
472 2007 538 2064 anni
548 2027 621 2064 som·

71 2103 113 2140 no
133 2086 261 2160 ciboque
280 2085 389 2143 datum.
405 2083 415 2093 ”
432 2086 502 2145 Haec
525 2088 620 2145 adhuc

30 2190 33 2193 ·
72 2165 291 2223 Cauadensium
336 2165 508 2243 populorum
551 2169 620 2226 vita.

72 2245 212 2303 Oraton'e
233 2246 331 2321 magis,
349 2245 436 2321 quam
458 2249 532 2316 verb,
558 2248 619 2306 Jul.

73 2326 181 2395 Caesar,
192 2326 266 2385 Bell.
280 2326 360 2383 Gall.
373 2345 418 2384 vr.
429 2334 478 2385 at.
499 2328 620 2386 Genna-

73 2424 176 2463 nornm
197 2407 261 2465 vito
274 2409 360 2463 omnis
381 2406 410 2465 in
428 2404 619 2467 venationibus

80 2497 104 2543 et
116 2489 142 2545 in
152 2488 259 2546 modim
273 2489 315 2544 rei
324 2487 454 2546 militaris
469 2491 605 2548 consistit.

115 2645 123 2674 ¹
146 2650 213 2725 Ipsi
226 2649 333 2706 hebent.
355 2650 473 2726 Egregie
495 2650 617 2706 dictum.

77 2728 136 2788 Nec
149 2731 180 2786 in
193 2729 405 2788 Carradensium
427 2731 513 2808 sylvis
533 2730 616 2788 aliter

75 2810 189 2868 vivitur.
246 2811 280 2866 ld
314 2811 449 2886 graphicb
476 2813 617 2886 expressit

76 2889 108 2946 P.
122 2889 277 2958 Creonius,
292 2891 425 2948 Historia
438 2891 617 2960 Cnnodensis,

74 2989 104 3044 p.
116 2965 167 3042 65.
187 2969 222 3027 Si
235 2971 291 3028 iter
304 2972 526 3046 venationemqne
540 2990 615 3028 asce-

74 3052 157 3124 ptris,
184 3051 259 3108 lumi
283 3051 389 3122 sedent,
413 3060 462 3108 ont
486 3051 515 3106 in
541 3051 615 3108 Intus

75 3133 192 3188 alterum
204 3129 384 3198 incumbunt3
398 3141 474 3188 stote
488 3131 554 3206 ipsis
562 3151 615 3206 pro

75 3209 255 3286 carnificini:
283 3230 368 3281 crura
390 3212 465 3268 illico
487 3212 617 3269 bitumen-

75 3311 134 3348 cere
159 3299 322 3349 causantur.
375 3293 499 3348 Causam
528 3292 615 3366 hujus

74 3372 179 3430 inertiae
193 3373 255 3447 jam
276 3389 362 3446 snpra
384 3372 519 3428 attulerat
539 3372 614 3428 idem

75 3453 203 3529 scriptor,
218 3472 246 3527 p.
261 3457 311 3516 57.
334 3450 428 3508 Extra
444 3451 615 3510 venationem

76 3534 205 3611 bellaque,
225 3531 360 3608 quidquid
379 3533 501 3590 ludorum
519 3551 615 3590 erum·

74 3633 224 3690 nitrumque
235 3612 322 3670 vitum
338 3612 525 3687 quotidianum
539 3631 615 3669 sser-

76 3694 156 3752 citam
170 3695 260 3760 babet,
279 3692 440 3770 totnmfsrd
453 3691 483 3749 id
495 3695 522 3750 in
536 3693 615 3750 aniss-

77 3794 121 3832 ros
132 3774 268 3853 feminas
295 3772 352 3828 viri
377 3772 519 3850 rejiciunt,
546 3783 615 3830 tom·

76 3875 153 3930 quum
165 3863 266 3913 contro
279 3852 405 3910 decoram
417 3852 455 3908 sit
466 3854 614 3928 quitquam

76 3937 93 3992 d
122 3957 151 3993 se
178 3932 367 4012 hsvjuscemodi
398 3933 614 3992 ministeriorum

77 4017 185 4092 attingi.

113 4095 124 4120 ²
146 4094 229 4154 miro
247 4095 420 4153 diversitate.
452 4096 545 4152 Immo
565 4113 624 4175 na·¹

77 4177 268 4236 turaeomnino
283 4175 417 4234 consona.
446 4176 537 4251 Apud
550 4176 613 4231 bsr-

76 4261 151 4316 baros
172 4269 306 4316 extrema
322 4268 390 4313 sunt
412 4257 520 4312 omnis:
543 4275 611 4332 pax,

75 4340 192 4410 belluim
227 4349 333 4410 motus,
373 4337 489 4409 inertin3
524 4355 614 4406 amor,

72 4421 176 4481 odium.
220 4417 305 4476 Nibil
330 4418 477 4475 moderati.
518 4417 615 4474 Causa

679 1606 765 1671 tione,
781 1622 921 1679 reguntur.

718 1680 728 1713 ³
753 1685 839 1741 Ultro
853 1704 885 1741 oc
907 1680 1022 1739 viritim.
1045 1682 1117 1740 ttaec
1134 1683 1222 1741 tribu·

676 1773 771 1821 torum
786 1762 951 1840 primordia.
995 1764 1036 1821 At
1051 1776 1119 1820 tuuc
1133 1764 1222 1822 colla·

677 1846 766 1904 tiones
788 1845 892 1912 fiebant
913 1852 1012 1917 sponte
1036 1844 1167 1919 ultroque
1186 1864 1222 1905 nc

675 1928 736 1983 sine
764 1925 823 1983 ullsi
857 1924 1030 1982 necessitate.
1073 1924 1221 1983 Fiseorum

675 2006 757 2062 initis
771 2008 893 2063 vidimus
906 2022 993 2078 supra
1006 2024 1070 2079 cap.
1087 2012 1133 2063 12.
1151 2005 1220 2063 edm

670 2106 740 2162 pars
753 2089 844 2145 multe·
855 2086 926 2161 regi,
939 2085 1116 2155 nescivisset,
1128 2086 1221 2143 exsol·
1272 2103 1276 2109 ‘

674 2176 796 2223 veretur.
838 2164 1034 2240 Vectigalium
1068 2184 1142 2235 usus,
1167 2167 1218 2224 do·

674 2264 759 2303 cuere
773 2246 906 2308 Romani,
919 2244 968 2321 qui
982 2264 1016 2301 ea
1036 2244 1054 2302 b
1068 2246 1218 2305 Germanis

674 2328 835 2400 exigebant.
851 2323 1219 2403 Videsuprnllist.rv.65.

713 2404 731 2439 ⁴
753 2408 779 2465 V
778 2408 805 2465 el
816 2414 1014 2465 omnentorum.
1048 2406 1095 2463 sic
1111 2408 1219 2485 postea,

674 2487 742 2544 eilm
769 2489 893 2565 vigerent
919 2487 1037 2556 tributa,
1059 2487 1132 2561 jussi
1152 2501 1220 2548 sunt

676 2569 807 2626 Saxones
821 2568 931 2645 regibus
952 2569 1053 2624 uostris
1069 2566 1219 2627 Clothario

674 2648 1219 2726 LetPipinoannunmtributumquin·

672 2741 769 2802 gentos
803 2731 885 2787 boves
911 2747 1070 2806 vaccasque
1100 2729 1217 2788 solvere.
1286 2741 1291 2750 “

673 2809 749 2866 Vide
763 2810 907 2868 eruditum
922 2809 1096 2878 licendum,
1111 2811 1144 2869 de
1163 2812 1218 2870 Re·

671 2888 720 2945 bus
735 2890 862 2948 Francioe
877 2890 1040 2961 Orientalis,
1061 2890 1128 2948 Vol.
1144 2910 1167 2950 r.
1186 2913 1217 2969 p.
1305 2923 1311 2932 ·

674 2975 835 3032 8401480.

711 3045 722 3081 ⁵
758 3049 810 3108 Vel
822 3049 956 3128 frugum.
991 3053 1103 3126 =Atque
1129 3050 1216 3112 etism

671 3131 764 3188 multo
777 3131 840 3206 pbst
851 3133 960 3189 tributa
971 3132 1064 3203 melle,
1076 3133 1215 3207 frugibus,

671 3218 698 3265 et
732 3211 790 3268 nlio
816 3211 945 3288 quolibet
971 3223 1051 3268 terras
1077 3227 1221 3287 proventu

670 3290 763 3348 soluta
778 3303 853 3348 sunt.
895 3292 970 3348 Vide
991 3292 1136 3348 eruditum
1160 3293 1215 3352 Ec-

671 3373 802 3445 cordum,
816 3372 886 3428 ibid.
900 3392 929 3448 p.
944 3377 1013 3437 392.

708 3443 722 3478 ⁶
757 3451 988 3508 Necessitatibus.
1022 3451 1069 3508 Ad
1100 3463 1213 3514 sumtus

670 3530 749 3601 belli,
770 3531 897 3606 aliasque
921 3532 1107 3604 necessitates,
1127 3544 1215 3610 atque

669 3611 810 3688 inprimis
831 3611 867 3668 ad
891 3611 1075 3688 publicorum
1091 3613 1215 3673 convivi-

669 3711 751 3748 orum
765 3693 912 3769 impensas.
951 3694 1019 3750 lnde
1036 3703 1138 3772 praeter
1151 3695 1214 3754 Ste-

669 3792 730 3844 orn,
751 3793 800 3830 seu
821 3773 930 3832 tributa
951 3793 1057 3850 annua,¹
1071 3773 1215 3834 Osterstu-

669 3853 749 3928 opita,
771 3873 820 3911 seu
843 3853 993 3912 Pasclmlia
1014 3854 1130 3931 pocula,
1145 3857 1214 3918 curn

669 3935 808 4008 publicus
834 3943 990 3992 conventus
1021 3945 1091 3992 esset
1116 3940 1214 4014 proxi-

668 4033 740 4087 mus,
763 4016 874 4091 regibus
894 4015 996 4074 nostris
1017 4016 1213 4092 persolveban-

669 4104 727 4152 tur.
764 4095 918 4164 Recessim,
936 4095 1006 4153 ibid.
1049 4095 1110 4154 Diu
1125 4100 1214 4177 viguit

668 4175 717 4232 ille
734 4194 810 4234 usus.
853 4175 941 4252 Apud
956 4175 1076 4252 majores
1094 4191 1214 4254 nostros,
1317 4210 1334 4222 ‘

669 4257 851 4314 cumeorum
866 4255 917 4312 filii
938 4258 973 4316 ad
987 4269 1143 4333 equestrem
1165 4280 1216 4318 no.

669 4337 809 4396 bilitatem
823 4337 1023 4408 evehebantur,
1042 4339 1148 4396 subditi
1161 4360 1213 4418 po-

667 4418 730 4494 puli
756 4438 877 4476 munera
904 4419 1066 4512 offerebant.
1124 4417 1213 4481 Novis
