2859 4950
229 322 289 389 630
459 352 466 363 ·
533 324 659 387 NOTAE
679 322 733 384 ΕΤ
754 317 1087 385 EMENDATIONES

277 474 364 541 Huic
392 500 510 561 magne
534 500 683 544 annorum
708 477 911 557 conversioni,
941 477 1174 543 Platonicorum
1202 490 1383 542 commentis

229 586 491 669 celebratissimae,
518 591 631 653 famam
657 588 774 655 addidit
802 588 918 675 inquies
947 588 1122 653 mortalium
1153 587 1282 665 animans,
1306 590 1380 651 dum

230 697 383 783 preterita
397 698 501 764 laudat
512 712 664 784 tempora,
679 701 839 785 praesentia
861 699 986 777 fastidit,
1002 702 1105 765 lotura
1119 712 1207 785 optat
1221 714 1384 785 speratque

232 832 355 895 semper
377 810 513 875 meliora.
559 811 612 876 De
627 833 740 897 magno
760 807 839 875 ahino
861 810 948 895 plura
968 832 1030 875 uon
1050 810 1229 889 addiderim,
1252 810 1385 875 maxime

233 921 305 987 chm
333 922 412 985 hanc
444 920 603 987 materiam
630 921 748 987 erudite
767 922 941 987 mactaverit
963 920 1016 985 Cl.
1030 923 1069 986 de
1082 920 1113 985 la
1128 920 1248 999 Nauae,
1271 927 1291 958 “
1310 919 1388 983 Me-

235 1031 346 1097 moires
368 1034 408 1097 de
430 1032 622 1098 l'Acadbmie
637 1032 758 1115 Royale
772 1035 825 1099 des
842 1032 1073 1119 Inscr·iptions,”
1093 1031 1166 1097 Vol.
1181 1052 1281 1095 xxrr.
1298 1054 1332 1115 p.
1348 1038 1386 1094 Sd

163 1181 166 1188 «
233 1157 341 1229 etseq.
386 1142 424 1207 ld
438 1166 532 1208 unum
548 1134 792 1225 memoraverim,
807 1146 893 1230 quod
907 1164 967 1207 oon
981 1143 1026 1207 ita
1039 1156 1246 1227 compertum.
1294 1140 1390 1224 Mag·

233 1276 308 1318 num
324 1278 448 1341 quoque
462 1276 576 1321 annum
596 1254 712 1319 habeut
734 1253 889 1335 Sincnses,
911 1256 984 1319 cdrn
999 1256 1227 1341 conjunguntur
1249 1253 1390 1339 planeta.

233 1364 359 1430 Recens
386 1365 554 1445 inventurn,
582 1388 639 1431 nec
667 1380 851 1451 usurpatum
884 1379 955 1431 aute
990 1364 1172 1449 Dyosstiam
1207 1363 1392 1448 Principum

235 1474 326 1555 Hora,
340 1498 410 1563 quar
422 1469 571 1562 imperare
584 1477 681 1561 coepit
696 1500 777 1542 auno
800 1486 875 1542 905.
891 1490 961 1541 ante
974 1478 1086 1543 Jesurn
1103 1476 1274 1541 Christum
1323 1474 1390 1540 Nec

187 1598 212 1633 *¹
232 1600 426 1653 constantem
453 1589 537 1672 apud
565 1612 620 1653 eos
648 1612 715 1654 esse
746 1589 849 1673 magni
878 1588 959 1654 illius
981 1588 1064 1653 'anni
1096 1589 1305 1666 durationem,
1332 1588 1390 1651 hoc

235 1696 343 1762 seculo
366 1698 533 1763 certissime
547 1714 743 1784 compertum
765 1698 940 1765 babuimus.
985 1699 1125 1784 Nempe,
1148 1698 1193 1763 uti
1214 1698 1393 1784 accepimus

236 1832 277 1873 er
293 1802 388 1873 literis
404 1810 508 1875 MSS.
525 1810 626 1876 Petris
642 1811 761 1877 Gaubil
777 1812 850 1876 Soc.
865 1810 943 1878 Jesu
958 1814 999 1875 ab
1014 1814 1091 1875 urbe
1112 1808 1251 1898 Peltisrg,
1274 1810 1329 1875 die
1344 1820 1393 1876 25.

234 1918 398 1997 Octobris,
419 1944 499 1985 auno
518 1929 610 1993 1725.
634 1924 673 1986 ad
699 1922 825 1987 Patrem
850 1923 979 1988 Souciet
1004 1920 1138 2006 scriptis,
1158 1922 1232 1985 edm
1255 1920 1394 2007 Jupiter,
1420 1988 1421 2007 ἶ

235 2028 339 2110 Mars,
369 2029 486 2111 Venus,
513 2030 689 2097 Mercurios
709 2056 814 2097 menae
843 2032 974 2109 Martio,
997 2040 1190 2103 auo01725.
1217 2033 1393 2116 proximius-
1420 2032 1421 2095 f

235 2152 312 2222 sent,
339 2143 483 2207 Sineoses
506 2142 722 2209 Mathematici
745 2144 847 2210 statim
869 2144 1048 2209 confinxere
1072 2144 1240 2229 quamdam
1270 2146 1392 2209 Saturni

237 2252 579 2340 appropinquationem,
599 2276 768 2342 eorumque
783 2280 856 2320 cum
871 2255 945 2321 Sole
962 2254 1116 2341 Ianique
1130 2253 1391 2341 conjunctionem.

236 2364 323 2431 Mox
338 2365 522 2451 lmperatori
540 2366 749 2457 Yongtclriag
772 2366 894 2433 libellos
908 2366 1060 2448 obtulere,
1082 2380 1113 2431 et
1127 2368 1205 2431 hanc
1221 2366 1394 2431 renovatio-

235 2499 309 2543 nem
333 2477 508 2543 seculorum
530 2479 560 2543 ei
584 2478 726 2565 gratulati
749 2493 828 2544 sunt.
885 2479 961 2545 Hac
985 2481 1024 2546 de
1047 2501 1080 2544 re
1099 2477 1241 2564 publicas
1269 2503 1394 2566 quoque
1420 2533 1421 2558 ,

215 2642 217 2645 .
236 2603 415 2675 magnatum
430 2590 647 2675 gratulationes
667 2591 791 2676 excepit
805 2589 986 2674 Imperator.
1029 2586 1104 2676 Ipse
1121 2587 1208 2656 illam
1222 2591 1395 2676 conjuncti-

236 2724 329 2766 onem
343 2701 451 2767 suisio
471 2701 580 2766 edictis
593 2700 760 2786 sepissime
773 2701 961 2786 publicavit3
984 2715 1017 2766 et
1038 2699 1169 2768 tribunal
1193 2699 1396 2766 Mathemati

237 2811 351 2878 cumin
366 2811 594 2878 memorialibus
609 2812 671 2878 suis
684 2812 879 2902 historiarum
895 2813 980 2882 libris
996 2812 1135 2899 scripsit:
1158 2819 1179 2850 “
1194 2813 1292 2878 Anno
1307 2813 1394 2878 tertio

161 2973 165 2977 s
238 2921 442 3007 Imperatoris
461 2921 682 3011 Yong·tchr'ng,
707 2923 1038 3003 reconditissima
1060 2937 1178 3010 septem
1201 2921 1394 3008 planetarum

236 3033 446 3120 conjunctio.'’
491 3033 585 3100 Pater
609 3034 735 3119 Kegler,
766 3029 1034 3102 socierumlesa
1054 3033 1313 3111 Mathematicus,
1340 3057 1394 3120 pro

239 3147 317 3212 virili
332 3159 420 3232 parte
441 3147 549 3212 enixus
567 3160 625 3226 est,
639 3159 674 3210 ut
689 3147 721 3211 id
735 3147 981 3214 commentitium
997 3162 1029 3211 et
1044 3145 1155 3214 falsum
1171 3167 1237 3210 esse
1254 3143 1394 3231 Impera-

239 3258 298 3324 tori
312 3260 518 3344 persuaderet.
565 3257 733 3324 Praevaluit
756 3257 892 3324 Sineosis
916 3257 1059 3324 adulatio.
1103 3254 1179 3360 lude
1194 3255 1391 3322 manifestum

237 3383 297 3449 est,
320 3369 416 3457 quidm
437 3369 588 3434 levissime
604 3371 747 3434 adversm
766 3393 867 3435 sacros
887 3369 1055 3438 Hebraicae
1071 3367 1241 3454 Scriptura
1257 3367 1356 3434 libros
1377 3368 1393 3430 i

239 3481 395 3550 nonnullis
416 3479 580 3567 objiciatur
600 3479 708 3546 similis
730 3481 919 3568 conjunctio,
942 3503 1009 3568 que
1031 3483 1127 3550 fertur
1148 3479 1316 3564 contigisse
1339 3481 1392 3542 suh

239 3595 390 3680 Principe
406 3593 648 3658 Tabouria-Hirr.
686 3593 794 3678 Hujus
810 3590 1009 3678 Imperatoris
1024 3591 1107 3656 initia
1121 3592 1159 3654 ad
1173 3613 1289 3654 annum
1299 3600 1342 3656 25
1352 3599 1392 3654 tm
1420 3655 1421 3658 ,

240 3721 372 3774 mortem
392 3707 432 3773 ad
446 3727 560 3769 annum
573 3713 671 3770 243³.
693 3719 764 3770 ante
784 3705 806 3772 J
809 3728 895 3770 esum
912 3705 1069 3770 Christum
1091 3705 1235 3767 referunt.
1282 3700 1391 3766 Mensa

241 3833 344 3890 autem
373 3817 495 3882 Martio
526 3815 648 3880 Lunam
679 3819 847 3883 secundam
871 3830 1031 3882 numerant
1060 3814 1214 3910 Sinerem,
1242 3816 1329 3901 qubd
1356 3817 1390 3878 ab
1420 3815 1421 3884 J

177 3955 188 3968 ·
240 3930 376 4015 ingressu
397 3928 479 3993 Solia
498 3927 530 3991 io
547 3926 666 4007 Pisces,
680 3951 743 3994 nou
757 3927 840 4008 verb,
852 3941 887 3992 ut
901 3949 967 4007 nos,
980 3931 1020 3992 ab
1043 3926 1180 4010 ingressu
1194 3925 1226 3990 in
1240 3926 1389 4000 Teanam,
1420 3957 1421 4014 p

241 4065 354 4107 annum
374 4040 536 4126 incipiunt.
581 4037 658 4104 Inde
680 4062 815 4127 quoque,
846 4042 917 4106 cdm
939 4038 1043 4106 Judaei
1070 4038 1212 4104 Sineoses
1236 4039 1388 4122 Scenope·
1420 4017 1421 4056 i

240 4154 335 4238 giam,
354 4173 411 4216 seu
433 4152 547 4226 festum
569 4151 863 4232 Tabernaculorum,
888 4150 1019 4236 septimis
1040 4147 1131 4216 Luna
1144 4149 1344 4229 celebrarent,
1358 4161 1387 4212 ut
1420 4137 1421 4218 Ῑ

241 4264 373 4330 diximus
395 4287 489 4349 supra
510 4260 657 4333 Voltur.
681 4287 714 4348 p.
732 4265 806 4336 695.
820 4264 927 4328 eadem
949 4285 1037 4328 more
1052 4260 1158 4328 Sinico
1176 4261 1267 4332 lama
1288 4276 1386 4328 octava

241 4377 466 4456 numerabatur,
476 4388 512 4443 ut
521 4375 616 4442 hahet
629 4374 761 4467 epistola
776 4374 876 4442 Patris
891 4374 1065 4462 Domenge.
