2859 4950
229 326 292 395 ⁸6⁸

229 607 430 679 decernere.
480 600 539 674 Ne
567 596 766 673 Antonium
795 596 937 697 quidem
961 594 1221 692 inhonoratum,
1251 626 1287 677 ac
1308 604 1359 679 e'ue

642 308 984 387 SUPPLEMENTUM

228 488 321 563 eum
336 476 692 581 summanum·
716 480 831 581 pam*
855 480 1039 557 coemes
1055 477 1180 558 turon
1202 485 1296 561 mm
1318 490 1373 567 a..

1166 325 1372 406 aunmt

229 719 330 821 grati
360 712 536 791 mentione
563 714 772 789 transmisit:
798 728 941 789 testatus
966 736 1031 813 per
1055 716 1221 809 edicturm,
1245 724 1269 763 “
1290 734 1359 795 tanto

231 841 258 881 “
283 834 475 933 impensius
490 848 609 930 petere
623 858 662 907 se
678 846 718 905 ut
742 830 892 905 namlem
916 831 1023 929 patris
1037 832 1148 933 Drusi
1165 834 1359 927 celebrarent,
1376 857 1377 937 1

230 959 258 997 “
283 950 383 1051 qubd
398 949 493 1023 idem
508 966 599 1023 esset
613 962 650 1023 et
665 945 720 1021 avi
735 946 790 1022 sui
806 944 991 1023 Antonii.”
1121 989 1124 1000 ·
1152 948 1155 955 ’
1377 963 1378 1043 l

284 1190 342 1256 19.
384 1187 566 1257 Annrntr
601 1180 728 1256 matri⁴
767 1196 985 1281 carpentum,
1026 1204 1099 1281 quo
1144 1206 1211 1281 per
1246 1175 1380 1259 (ζωῇ

229 1298 440 1373 duceretur:
482 1296 603 1371 tribuit
635 1322 777 1397 quoque
810 1320 1007 1397 cognomen
1041 1302 1251 1399 1113118131,ς
1289 1298 1360 1397 quod

229 1412 387 1505 faentina,
428 1409 579 1504 almucia,
622 1414 731 1513 quim
764 1414 888 1505 laudis,
925 1414 1123 1505 studiosior,
1165 1430 1382 1489 recusaretur

229 1526 386 1605 Fratris⁶
419 1532 639 1622 memoriam,
664 1556 892 1629 peromnem
920 1532 1137 1606 occasionem
1171 1532 1383 1615 celebratam*

228 1646 328 1721 noris
355 1646 453 1722 auxit
474 1647 691 1723 hononbus’
741 1647 973 1751 Agrippinam
995 1666 1029 1724 et
1050 1645 1201 1725 Juliam⁸
1227 1650 1270 1723 de
1284 1644 1385 1753 etilo,

272 1842 283 1871 ¹
306 1843 433 1923 Irfferiue
443 1847 579 1923 publicus.
614 1848 732 1907 Sueton.
751 1848 780 1905 in

230 1923 338 1983 Claud.
351 1942 399 1981 xi.
438 1926 473 1983 ln
487 1926 522 1985 iis
536 1928 642 1986 inferiis
654 1940 783 1986 exstruc-

230 2006 338 2063 bantur
350 2024 416 2075 arae,
427 2007 544 2067 floribus
557 2010 781 2081 exornabantur,

230 2084 417 2143 caedebantur
429 2088 563 2159 victima,
580 2088 703 2166 Diisque
718 2090 782 2147 bia-

229 2166 316 2222 nibus
348 2166 574 2241 sacrificabatur,
606 2170 642 2227 de
670 2170 782 2247 reliquo

229 2245 490 2324 epulabantur-,qui
502 2250 622 2309 mortuis
634 2250 675 2307 ita
682 2270 784 2327 paren-

231 2338 368 2387 taverunt.
395 2328 508 2386 Feralia
530 2330 592 2389 baec
613 2350 696 2389 sacra
720 2331 781 2389 lusi

230 2406 783 2482 describitKirclrmannus,deFun.Ro·

230 2499 382 2548 anan.1v.l
395 2501 488 2568 etseq.
503 2492 548 2549 De
556 2492 673 2550 Claudii
684 2512 783 2569 paren-

231 2572 309 2632 tibus
322 2567 386 2628 vide
397 2573 486 2630 snm.
500 2572 609 2630 Casan.
623 2578 662 2641 79
674 2581 762 2632 etta.

271 2647 286 2676 ²
306 2651 403 2710 Petri.
426 2651 534 2710 Neroni
543 2653 783 2724 ClaudinDrnsn,

231 2733 268 2790 de
281 2733 366 2809 cujus
377 2730 515 2790 laudibus
528 2734 592 2792 ride
606 2733 695 2792 Stem.
708 2735 782 2793 Caes.

230 2831 263 2872 u.
317 2856 325 2872 .

272 2821 451 2953 ZyCircensee
464 2893 554 2954 ludus.
579 2892 697 2952 Sueton.
712 2897 782 2956 ibid.

233 2975 280 3033 De
294 2975 337 3033 bis
351 2975 437 3045 ludis,
460 2987 488 3034 et
503 2983 575 3051 quot
594 2975 625 3032 in
645 2975 679 3032 iis
693 2989 783 3034 esseut

232 3057 343 3126 missus,
353 3057 375 3113 si
389 3057 582 3139 geminaretur
590 3053 784 3130 laetitiadini-

233 3155 299 3195 ntus
312 3155 408 3214 supra.
486 3183 499 3200 .

272 3213 287 3248 ⁴
315 3217 421 3278 Mmri.
482 3218 629 3290 Antoniae,
663 3219 782 3276 Antonii

232 3291 387 3356 Triumuiri
410 3297 487 3368 filine,
515 3297 637 3355 soeminae
658 3300 783 3375 optima,

233 3381 318 3454 cujus
339 3379 438 3438 laudes
456 3378 524 3456 ‚vide
545 3379 574 3435 iu
597 3379 685 3436 Stcm.
708 3381 782 3437 Caes.

232 3478 262 3517 n.
277 3466 325 3516 42.
347 3473 376 3518 et
390 3463 419 3518 in
431 3459 534 3536 Suppl.
548 3458 782 3518 ornatuum.

234 3539 354 3604 Pietatis
368 3539 486 3600 Claudii
508 3541 538 3596 in
557 3535 678 3598 matrem
700 3541 782 3598 test'es

233 3622 346 3682 numini
372 3619 491 3696 plurimi
512 3630 541 3677 et
565 3621 674 3698 ubique
696 3621 784 3680 obrii.

233 3703 411 3778 Carpenturn
437 3701 514 3770 verb,
545 3721 603 3776 quo
636 3701 784 3759 honestata

233 3781 367 3840 Antonias
393 3783 540 3852 meritoria,
572 3791 634 3839 erat
658 3783 783 3840 vehiculi

226 3882 321 3940 genus
342 3862 486 3918 mularum
510 3863 581 3938 bigis
598 3875 734 3932 tractum,
756 3865 784 3920 iu

233 3943 784 4020 quodesunctnrumAugustarumima-

233 4025 311 4100 gines
325 4043 374 4100 per
387 4023 498 4080 circum
512 4025 704 4082 ducebantur.

275 4101 465 4179 ⁸Cognomen
490 4104 639 4182 Augusta.
681 4103 784 4177 Perpe-

234 4205 296 4246 ram
309 4185 338 4242 iu
354 4183 474 4260 vulgatis
490 4185 620 4242 Suetonii
636 4185 664 4240 iu
677 4182 783 4240 Claud.

235 4284 283 4324 stt.
312 4263 392 4322 libris
413 4266 526 4340 legitur,
552 4283 701 4341 cognomen
723 4261 784 4320 Au-

232 4356 324 4424 gustis
338 4349 372 4403 ab
385 4347 450 4404 urici
461 4353 626 4403 recusutum.
648 4346 785 4422 Comper-

235 4441 298 4484 tum
329 4429 460 4482 otttnlbus
483 4425 594 4482 Livium
628 4444 784 4500 cognomen

236 4511 376 4585 Augustae
396 4526 453 4565 uon
469 4505 624 4579 recusasse,
643 4507 692 4565 scd
707 4506 784 4566 ultro

842 1846 1002 1927 usurpdssc.
1044 1846 1161 1905 Idcirco
1173 1846 1284 1923 Lipsius
1296 1859 1365 1929 emen

841 1930 937 1999 dabat,
958 1930 992 1987 ab
1013 1926 1079 1986 ried
1102 1938 1285 1993 recusatum
1304 1920 1365 1981 muln

841 2022 940 2067 extant
956 2010 1090 2070 Antoniae
1102 2009 1214 2065 nummi
1226 2026 1290 2067 cum
1303 2000 1365 2063 titulo
1387 2024 1388 2031 ¹

842 2088 1061 2148 ANTONIA
1086 2088 1313 2153 Avuvs'ru,
1334 2082 1367 2138 seu

842 2170 999 2247 imperante
1013 2168 1140 2227 Claudio
1155 2169 1230 2239 cusi,
1253 2182 1284 2225 ut
1303 2166 1368 2221 lutcu-

843 2262 890 2308 tur
903 2251 955 2309 uiri
968 2270 1064 2309 omnes
1074 2251 1196 2309 cruditi.
1230 2250 1368 2325 Cognomm

842 2336 982 2409 Augusta
1002 2330 1072 2389 olim
1087 2331 1190 2390 dutum
1206 2331 1288 2389 [uisse
1301 2331 1370 2413 Antu-

842 2410 936 2469 niaea
968 2412 1041 2469 Caio
1069 2413 1132 2490 jam
1167 2410 1323 2478 notavimus
1349 2422 1368 2459 u

843 2491 947 2600 suppl.
963 2493 1069 2552 Annal.
1081 2511 1140 2550 vu.
1156 2489 1185 2552 6.

908 2573 1032 2633 fratris.
1046 2571 1224 2644 Germanici,
1235 2581 1370 2654 numquam

842 2653 910 2712 satis
936 2653 1047 2713 laudati
1076 2655 1266 2732 imperatoris.
1314 2645 1370 2734 l'tdt

843 2735 932 2792 Stem.
946 2735 1019 2794 Caes.
1034 2754 1062 2794 n.
1077 2741 1126 2794 81.
1157 2733 1273 2792 Tabula
1293 2733 1373 2786 Antra·

843 2815 913 2886 tina,
934 2833 1021 2890 quam
1036 2815 1167 2874 eruditus
1182 2815 1209 2870 V
1213 2813 1305 2891 ulpius
1321 2809 1370 2865 Soc.

845 2895 914 2952 lesu
926 2895 1088 2972 publicavit
1100 2907 1128 2953 et
1140 2893 1299 2960 illustrarit,
1311 2896 1372 2945 notat

844 2995 938 3033 mense
966 2975 1100 3048 Octobri,
1133 2975 1190 3045 die,
1224 2986 1257 3034 ut
1282 2971 1373 3028 videtur

843 3052 904 3130 (hic
919 3057 994 3114 enim
1010 3057 1148 3115 extritum
1162 3053 1374 3124 marnror),smtu

845 3137 908 3194 idus
941 3137 1095 3195 lNFEll.
1129 3127 1373 3195 Guumnn‘lc.

843 3217 874 3274 id
887 3229 938 3287 est,
950 3217 1068 3297 offerint
1081 3215 1253 3276 Germanici.

888 3293 1090 3357 ⁷Honoribur.
1119 3299 1180 3356 Hos
1194 3300 1264 3356 inter
1275 3293 1373 3352 honora

845 3379 1014 3438 comoediam
1036 3377 1196 3436 aclaudio
1215 3377 1339 3452 scriptam
1351 3379 1373 3460 ct

845 3470 1009 3518 coronatam
1033 3469 1158 3518 recenset
1186 3457 1372 3541 Suetoniusm

844 3539 950 3600 Claud.
973 3559 1018 3598 nr.
1047 3541 1097 3598 Ad
1111 3539 1224 3620 fratris
1239 3547 1372 3596 memorum

841 3641 893 3697 per
911 3641 1015 3679 ornnem
1029 3621 1197 3680 oeconoma
1218 3619 1371 3680 ctlrlrrulutn

844 3701 999 3759 comediam
1014 3722 1119 3778 quoque
1133 3703 1260 3759 Groecum
1278 3696 1370 3767 Neam

844 3781 933 3840 lituro
953 3783 1104 3844 certamine
1117 3782 1222 3852 decerit,
1239 3801 1270 3838 uc
1284 3777 1371 3864 derep-

845 3861 934 3919 tentid
951 3863 1083 3938 judicum
1097 3863 1251 3920 coronarit.
1284 3859 1314 3916 lu
1327 3854 1369 3909 hac

846 3944 917 3999 urbe
948 3953 1057 4002 tantam
1092 3943 1258 4000 modestiam
1281 3953 1331 4016 ptae
1350 3945 1375 3986 δὲ·

846 4021 921 4091 tulit,
932 4033 965 4082 ut
976 4035 1124 4100 tamquam
1135 4022 1261 4100 privatus
1272 4031 1298 4076 et
1310 4015 1372 4103 Gra·

845 4121 946 4161 corum
974 4123 1052 4162 more
1078 4104 1119 4161 ibi
1140 4105 1253 4172 viveret,
1275 4106 1370 4182 mutiet!

844 4185 1019 4260 spectaculis
1046 4205 1113 4243 cum
1133 4183 1222 4260 pallio
1247 4191 1274 4240 et
1297 4174 1370 4234 sulem

845 4266 980 4340 gymnico
998 4265 1147 4322 certamini
1167 4283 1234 4322 cum
1249 4248 1370 4339 purpuni

845 4359 919 4403 veste
944 4358 973 4402 ct
997 4345 1087 4403 aurci
1110 4347 1216 4404 coronis
1241 4341 1369 4400 interesset

847 4427 918 4483 Haec
936 4427 1004 4495 Dio,
1016 4445 1070 4484 Lx.
1082 4445 1110 4502 p.
1124 4421 1194 4484 668.

883 4501 1105 4586 ⁸Agrippinam
1129 4515 1158 4568 el
1183 4504 1294 4568 Julian.
1334 4493 1368 4552 Di
