2859 4950
240 272 298 327 aaa
610 258 644 318 c.
665 228 865 318 conuanu
886 260 1022 319 unctu

238 432 409 497 novarum
425 414 581 515 gentium
597 413 699 487 animi
716 412 790 510 ipsi
806 414 969 488 transitus
989 412 1089 487 mori
1107 432 1336 507 terrerentur,
1358 418 1389 490 in

237 534 389 611 hibernis
417 530 551 607 locavit.
602 531 648 603 Et
672 528 774 601 simul
804 530 919 603 classis
947 529 1099 603 secunda
1124 548 1331 628 tempestate
1354 558 1387 605 ac

237 648 332 725 fami
357 648 606 749 Trutulensem
635 648 798 743 portum¹
828 644 951 733 tenuit,
976 646 1068 719 unde
1097 646 1267 744 proximo
1295 649 1388 721 latere

237 765 423 845 Britanniae
440 764 529 837 lecto
546 760 658 835 omnis
674 758 848 833 redierat.²
877 749 880 754 ⁵

290 1006 349 1071 99.
375 1000 496 1071 Hauc
526 1018 644 1068 rerum
673 1018 829 1081 cursum,
854 1017 1066 1091 quamquam
1087 993 1184 1066 nulli
1208 996 1389 1066 verborum

233 1112 394 1217 jactantii
423 1111 572 1213 epistolis
600 1110 777 1209 Agn'colae
806 1127 960 1200 auctum,
992 1127 1031 1182 ut
1057 1111 1264 1185 Domitiano
1294 1111 1388 1181 moris

240 1248 326 1319 erat,
350 1226 465 1301 fronte
489 1228 601 1315 latus,
626 1242 767 1323 pectore
792 1225 914 1299 anxius
940 1227 1085 1323 excepit.
1136 1229 1255 1300 Inerat
1272 1226 1389 1299 consci-

240 1345 343 1433 entia,
360 1343 486 1415 derisui
503 1340 607 1417 fuisse
624 1365 736 1437 nuper
751 1340 899 1416 falsum³
917 1342 937 1415 ὲ
957 1342 1147 1419 Germanii
1163 1342 1388 1437 triumphum,

242 1460 341 1533 emtis
364 1482 427 1557 per
448 1457 668 1547 commercia,
693 1479 845 1555 quorum
871 1456 1005 1531 habitus
1028 1475 1062 1533 et
1087 1458 1228 1532 crines4
1247 1458 1286 1529 in
1303 1456 1390 1551 capti·

242 1567 366 1649 vorum
393 1573 541 1671 speciem
563 1570 817 1648 formarentur:
844 1591 879 1650 at
904 1598 997 1649 nunc
1019 1599 1137 1649 veram
1164 1598 1388 1673 magnamque

238 1688 430 1778 victoriam,
444 1706 494 1763 tot
512 1688 661 1763 millibus
675 1689 827 1767 hostium
843 1690 951 1781 caesis,
964 1691 1095 1791 ingenti
1111 1688 1205 1763 fama
1219 1686 1387 1763 celebrari.

242 1808 282 1879 ld
295 1806 357 1877 sibi
375 1802 525 1879 maxime
543 1802 822 1897 formidolosum,
843 1807 964 1907 privati
980 1806 1129 1881 hominis
1147 1831 1284 1879 nomen
1299 1826 1389 1901 supra

244 1916 411 2017 Principis
440 1920 569 1993 attolli:
605 1919 733 1996 frustra
765 1925 876 1997 studia
904 1923 985 2020 fori,
1019 1941 1054 1997 et
1088 1922 1245 1997 civilium
1279 1920 1391 1995 artium

247 2038 354 2111 decus
369 2036 406 2109 in
431 2036 603 2111 silentium
625 2056 712 2130 acta,
739 2040 767 2114 si
791 2042 972 2115 militarem
989 2041 1136 2139 gloriam
1152 2039 1243 2113 alius
1261 2059 1391 2130 occupa-

247 2170 300 2229 ret
313 2154 348 2225 :⁵
373 2169 407 2224 et
434 2170 545 2226 cetera
572 2172 762 2255 utcumque
790 2156 926 2232 facilius
955 2155 1171 2245 dissitnulari,
1198 2152 1300 2227 ducis
1323 2146 1389 2223 boni

249 2269 509 2368 imperatoriam
547 2268 708 2347 virtutem
748 2298 832 2348 esse.
900 2272 1044 2349 Talibus
1084 2271 1177 2347 curis
1219 2266 1390 2347 exercitus,

288 2627 516 2688 'Trutulenaem
533 2639 655 2706 portum.
695 2629 801 2687 Portus
850 2629 1049 2690 Trutulensctu
1084 2639 1212 2706 portum,
1250 2616 1391 2681 Suuclut'cl.

248 2708 297 2766 ille
318 2710 421 2786 passim
441 2709 605 2784 appellatur
622 2709 802 2784 Ratumenna,
852 2712 963 2779 tenuit;
984 2711 1058 2780 inde,
1079 2708 1212 2787 proximo
1225 2706 1283 2762 hoc
1298 2705 1392 2760 llruun·

249 2799 301 2848 aut
327 2789 496 2864 Rutupinus,
529 2807 606 2846 nuuc
633 2788 799 2855 &ludoich
852 2793 906 2850 niae
930 2791 1017 2848 latero
1043 2791 1128 2860 lecto,
1154 2787 1258 2856 omnis,
1290 2803 1322 2840 uo
1349 2776 1392 2834 uui

250 2864 801 2948 etapudl’tolcntaeum,11..3.1¹1iraima.
851 2872 967 2950 quidem
981 2871 1084 2928 amissa
1098 2870 1172 2938 navi,
1191 2869 1218 2924 Τ
1219 2885 1289 2924 aum
1308 2876 1399 2942 astua-⁰

251 2950 299 3007 nd
323 2949 400 3005 hunc
422 2961 535 3025 portum
558 2950 592 3006 B.
613 2951 801 3024 Augustinus,
853 2954 938 3021 rium,
970 2963 1023 3010 aut
1051 2950 1229 3017 Bodotriam,
1265 2942 1343 3003 Fa'rtl
1371 2943 1392 3012 ql

251 3029 405 3088 Britanni&
419 3030 583 3106 Apostolus,
598 3029 721 3106 appula.
753 3031 804 3088 l'i·
854 3033 952 3104 Forth,
966 3033 1058 3101 rediit,
1072 3045 1106 3089 ut
1118 3043 1178 3088 tum
1193 3026 1332 3087 exercitu,
1343 3033 1391 3076 tau

221 3130 225 3137 ·
251 3111 286 3168 de
311 3111 429 3180 Bodam,
459 3109 539 3168 illst.
563 3109 756 3168 Ecclesiastic.
781 3129 803 3168 1.
854 3109 1093 3173 c'lassenovarum
1106 3110 1235 3190 gentium
1255 3103 1339 3166 animi
1353 3112 1395 3154 tu·

251 3195 300 3250 25.
348 3189 479 3248 Fueritue
505 3189 679 3267 quandoque
704 3189 722 3247 a
747 3191 805 3249 Ro-
855 3205 990 3254 rorantur.

252 3272 344 3330 manis
377 3271 472 3330 dictus
505 3271 692 3342 'l'rutulcnsis,
725 3273 801 3347 quod
897 3270 1156 3352 ³Nuperfuluum.
1199 3259 1392 3327 lloc.t.l'.('·

250 3351 354 3428 magna
376 3361 540 3420 truttarum,
569 3349 690 3430 Augilai
715 3359 803 3424 trout,
858 3361 927 3422 837.
953 3352 1146 3419 Domitianus,
1169 3351 1199 3407 in
1222 3342 1391 3432 ‘termulum

252 3432 337 3508 copiti
357 3434 492 3504 abundet,
514 3434 596 3488 utab
609 3433 722 3489 erudito
744 3434 806 3490 Bri·
857 3436 1010 3514 profectus,
1042 3451 1076 3488 nc
1099 3433 1158 3488 viso
1179 3429 1295 3505 quidem
1320 3425 1391 3480 hoste,

252 3526 339 3570 tnuno
372 3514 480 3583 audivi,
514 3511 632 3570 dubito:
668 3512 806 3585 maxime,
858 3519 978 3575 llomam
993 3523 1155 3583 reverterat,
1175 3522 1203 3568 ct
1216 3504 1390 3585 triumphare

252 3593 320 3652 calm
335 3603 489 3650 truttanun
505 3611 606 3652 nomeu
620 3612 713 3668 neque
725 3595 804 3669 apud
857 3611 911 3655 rat.
943 3596 1019 3653 l'irle
1034 3593 1164 3661 Dionem,
1179 3608 1283 3649 nxvn.
1298 3605 1323 3662 p·
1336 3581 1391 3649 700.

254 3673 391 3742 Plinium,
415 3692 506 3750 neque
529 3674 607 3751 apud
628 3673 698 3730 alios
718 3665 815 3748 hujus
859 3679 920 3736 Nos
942 3693 1058 3752 quoque
1078 3673 1107 3729 in
1126 3673 1260 3750 Append.
1275 3656 1391 3725 Cluonvl·

253 3755 306 3811 aeti
326 3755 475 3832 scriptoris
496 3767 647 3822 occurrat;
669 3766 697 3812 ct
712 3753 805 3810 Rutu·
858 3761 893 3816 ad
909 3759 986 3814 hunc
1001 3773 1118 3811 annunt.
1371 3817 1375 3826 Ι

251 3835 353 3912 pinum
377 3853 478 3891 nomeu
496 3835 557 3910 jam
580 3835 751 3903 innotuerat,
772 3849 806 3892 ut
896 3837 1057 3893 “Habitus
1090 3843 1122 3891 ct
1151 3831 1252 3889 crinea.
1301 3826 1343 3883 Sic
1370 3835 1390 3872 111

252 3915 703 3994 patctchuvcnullsSatyr.1t·.
720 3919 785 3972 141.
859 3916 961 3995 suppl,
987 3913 1092 3974 ⁴umal,
1117 3932 1147 3970 vt
1154 3930 1191 3969 11.
1215 3919 1265 3970 38.
1286 3905 1388 3984 vidiant

402 4048 545 4099 numm
553 4045 698 4096 “mmm
859 3999 965 4057 Caium
975 3995 1137 4086 Caligulam
1151 3992 1390 4089 prpccrisxcorpvsl·

303 4108 388 4148 otum.
860 4081 922 4142 bus,
943 4090 972 4134 et
984 4078 1106 4133 ruttlatts
1120 4077 1247 4132 cunibus
1261 4073 1388 4128 (refutant

293 4159 306 4188 ²
328 4165 422 4222 Omnis
443 4163 577 4222 redierat.
618 4161 693 4218 Vide
705 4169 766 4218 not.
779 4173 807 4217 et
858 4179 923 4218 cnm
938 4158 1089 4215 victoriam
1103 4155 1277 4217 cluentitum.

252 4247 362 4306 emend.
375 4246 410 4302 acl
426 4263 490 4320 cap.
504 4249 553 4301 38.
594 4241 697 4300 Classis
713 4241 806 4298 a'l'ao
900 4236 1016 4295 'Alius
1029 4238 1192 4314 occacporct.¹
1219 4227 1386 4312 Domitiani?y

252 4327 394 4396 aestuario,
415 4323 498 4382 futu
513 4321 628 4402 ofl'uy,
651 4322 806 4380 merulanam
859 4319 959 4379 alieuae
978 4317 1072 4376 laudis
1086 4338 1159 4386 osor,
1179 4316 1273 4374 studia
1286 4309 1385 4390 forat·

252 4407 406 4470 Britannia
451 4415 558 4482 partem
601 4405 808 4476 circumvecta,
860 4397 927 4461 tiles
939 4410 1023 4473 artes,
1042 4398 1191 4478 ipsamque
1204 4385 1385 4476 philosophum
