2859 4950
268 378 327 435 sss
683 362 1020 427 supptementum
1213 368 1384 456 nuspa

272 534 339 622 cia,
379 496 560 631 Agrippae,
603 521 720 621 regie,¹
763 522 957 620 prudentia,
1005 519 1146 620 ipsaque
1185 522 1384 601 dominationis

159 717 164 725 .
272 648 413 748 cupido,
435 646 490 718 vel
507 646 543 717 in
558 642 754 714 imbellibus
771 640 967 736 pectoribus
983 640 1076 713 haud
1092 638 1249 729 invalida,
1271 642 1384 741 abjectos

271 765 404 840 animos
430 760 628 835 sustulisset.
680 756 819 857 Legatis
851 762 877 799 ‘⁶
892 756 980 881 vi'se
1006 774 1040 829 et
1058 754 1253 830 necesu'tate
1279 758 1384 831 teneti’'

272 878 460 980 respondit.

326 1124 383 1185 11.
410 1117 608 1198 Aesim,
625 1090 698 1208 ejus
714 1106 936 1181 imbecillitati
953 1108 1065 1181 adhuc
1083 1107 1225 1197 diffisus,
1242 1123 1322 1181 artes
1333 1130 1384 1180 suo

270 1228 317 1301 ita
332 1229 524 1316 occulebat,
550 1243 602 1315 ut,
626 1228 712 1298 dum
729 1222 951 1297 dominationi
967 1226 1056 1297 clam
1072 1224 1300 1314 adlaborabat,
1321 1246 1383 1297 sem·

232 1422 237 1432 ,
271 1344 322 1417 tui
347 1341 464 1416 favere
491 1344 699 1416 crederetur.
752 1340 811 1412 Ab
829 1366 871 1411 eo
888 1341 1014 1411 accitus
1031 1356 1069 1411 ut
1086 1339 1130 1412 de
1146 1362 1264 1414 rerum
1284 1338 1383 1413 sumni

270 1462 480 1549 consuleret,
510 1458 641 1533 curiam
673 1456 776 1529 venit.
829 1457 969 1550 “Quid
1003 1472 1117 1529 actum
1152 1459 1198 1530 de
1227 1456 1383 1531 Claudio’'‘

270 1576 481 1677 interrogat:
509 1574 605 1672 quasi
630 1574 770 1671 ignarus
796 1571 830 1643 id
858 1573 1013 1660 edoctus,
1039 1580 1065 1614 “
1082 1596 1119 1661 se
1148 1598 1213 1669 pro
1240 1590 1343 1645 senatu
1361 1592 1384 1640 tt

273 1700 297 1733 “
322 1693 476 1765 libertate
489 1690 577 1763 mori
590 1690 774 1787 paratum'’
791 1688 994 1785 profitetur:
1014 1694 1039 1729 ‘⁶
1052 1704 1085 1759 at
1098 1714 1175 1759 rem
1192 1688 1384 1761 difficillimam

271 1813 297 1847 “
320 1807 399 1906 agi:
417 1807 580 1879 militibus
597 1822 631 1877 et
647 1788 794 1902 pecuniis
811 1829 898 1900 opus
915 1806 1026 1876 esse.”
1053 1806 1236 1877 Senatores
1252 1812 1277 1847 ‘⁴
1289 1822 1385 1877 unun-

213 2004 218 2012 ,
271 1928 296 1963 “
320 1923 469 2020 quesibi
486 1922 692 2019 suppetere”
714 1918 924 1991 adseverant.
975 1921 1099 1992 Monet
1117 1924 1274 2020 Agrippa
1299 1929 1321 1963 “
1334 1916 1385 2013 ipsis

272 2044 296 2078 “
320 2036 412 2111 forti:
440 2038 580 2135 quidem
604 2036 745 2125 multos,
770 2036 831 2107 sed
847 2059 959 2109 novos
975 2052 1009 2107 et
1026 2036 1214 2135 disciplinae
1231 2038 1326 2109 rudes
1339 2056 1385 2106 esse

274 2161 297 2195 “
321 2153 466 2230 milites:
510 2170 689 2225 veteranos
721 2150 806 2224 verb
840 2168 874 2223 et
906 2151 1079 2225 bellorum
1113 2153 1241 2249 peritos
1274 2148 1385 2225 Claudio

274 2278 296 2311 “
322 2272 461 2345 adesse:
489 2269 574 2341 nihil
591 2286 720 2341 temere
741 2268 966 2341 tentandum:
994 2268 1156 2359 sivelint,
1181 2298 1219 2345 se
1237 2268 1386 2347 Claudium

268 2390 307 2428 “·
318 2388 508 2477 aditurum,
532 2402 567 2458 et
582 2384 830 2461 abdicationem
847 2388 1125 2488 persuasurum.'’

322 2633 380 2696 12.
407 2625 470 2694 An
489 2619 676 2694 Claudium
698 2643 870 2707 reversuS,
895 2644 976 2692 eum
993 2621 1132 2696 senatds
1148 2623 1385 2704 fluctuationem,

76 2762 118 2792 ¹·
183 2781 187 2789 ι
267 2737 418 2812 militum
447 2753 709 2833 ceterarumque
741 2761 872 2824 rerum,
910 2737 1035 2834 quibus
1064 2741 1258 2837 respublica
1288 2737 1386 2818 nio'm

265 2853 418 2950 inopiam
447 2853 562 2938 docet,
586 2867 621 2922 et
636 2852 681 2922 ad
698 2875 817 2945 sensus
834 2853 1024 2949 regrianice
1041 2854 1147 2928 domo
1164 2857 1288 2964 dignos
1314 2847 1385 2927 exsti·

265 2969 386 3040 mulat.
439 2965 606 3041 Claudius
622 2967 672 3040 rei
688 2966 847 3040 facilitate
864 2967 997 3066 suique
1013 2969 1154 3044 utilitate
1178 2973 1298 3061 victus,
1320 2963 1385 3040 haud

265 3082 417 3156 absurdi:
443 3085 629 3180 respondet
658 3085 802 3183 legatis,³
829 3070 907 3158 “'se
924 3107 996 3158 non
1017 3087 1133 3160 mirari
1154 3109 1308 3162 senatum
1325 3081 1386 3182 prio

269 3203 293 3240 “
317 3197 413 3273 ribus
434 3199 649 3298 Principibus
664 3225 888 3274 succensere:
915 3217 949 3273 at
964 3201 1049 3274 nibil
1066 3205 1190 3278 veteris
1211 3204 1385 3306 injurias

267 3322 293 3358 “
316 3315 489 3414 Principe,
513 3340 777 3395 remansurum:
814 3335 926 3406 aetate,
951 3313 1105 3408 fortuna,
1135 3321 1312 3418 exemplis,
1333 3309 1385 3390 sui·

269 3438 293 3473 “
317 3459 386 3532 que
402 3429 525 3506 naturi
541 3433 685 3504 meliora
710 3433 897 3510 edoctum:
912 3427 988 3507 sibi
1005 3435 1146 3532 quidem
1163 3436 1347 3536 imperium,
1364 3445 1384 3497 21

268 3554 292 3588 “
316 3571 539 3622 communem
552 3573 634 3621 cum
645 3548 727 3646 ipsis
739 3538 815 3623 fore
827 3567 1052 3650 potestatem3
1072 3577 1139 3656 nec
1153 3549 1383 3626 fonnidolosum

262 3671 297 3761 ft
315 3689 389 3738 esse
418 3665 557 3759 debere,
592 3691 698 3771 quem
727 3689 869 3742 suarum
897 3667 1047 3770 partium
1076 3691 1219 3772 suaeque
1247 3657 1383 3770 dtgdots

307 3964 318 3997 ¹
347 3965 495 4044 Agrippoe,
533 3968 619 4044 regis.
680 3969 740 4028 llic
778 3978 821 4028 cst
872 3956 1109 4041 monestere
1135 3971 1201 4047 plus
1225 3977 1381 4048 :equdem-

264 4045 396 4124 Agrippa
411 4048 435 4104 l.
456 4047 576 4105 llerodis
597 4048 698 4124 Magni
721 4069 818 4126 nepos,
871 4051 1108 4127 mendntJoseph.
1118 4045 1379 4126 Antiq.Jud.x1x·l·

265 4128 387 4204 ejusque
407 4129 437 4186 in
459 4128 537 4205 regni
559 4137 639 4205 parte
662 4148 817 4203 successor,
910 4127 922 4155 ²
944 4131 1022 4199 Quid
1034 4141 1126 4192 actum
1140 4133 1173 4192 dc
1189 4129 1311 4191 Claudio.
1333 4123 1379 4184 llas

266 4209 376 4283 dequo
398 4208 491 4266 multa
511 4209 638 4268 diximus
651 4210 681 4267 in
694 4211 818 4288 Supple·
867 4221 897 4272 et
910 4213 1217 4289 sequentinlosepbus,
1237 4211 1302 4270 ibid.

169 4323 173 4332 -
265 4299 362 4346 mento
376 4287 481 4346 Annal.
495 4306 555 4346 vu.
572 4297 605 4346 ll
622 4299 720 4367 etseq.
744 4293 816 4352 Pru·
910 4283 1378 4374 ³1tcspoudcttcgaiis.Josephu

264 4368 390 4428 dentiam
402 4371 539 4448 Agrippa:
557 4367 614 4430 bic
632 4371 663 4429 in
675 4392 705 4432 re
727 4372 818 4452 pluri·
868 4373 938 4434 ibid.
948 4385 980 4432 ct
994 4375 1028 4434 do
1042 4375 1124 4434 Bello
1137 4377 1155 4438 J
1160 4375 1206 4436 ud.
1219 4391 1254 4434 u.
1272 4381 1313 4432 11.
