2859 4950
65 301 89 360 J.
100 287 193 359 clio.
347 296 458 356 mam
481 265 633 355 nasim
655 280 897 355 anuinium.
1161 302 1220 357 aas

65 452 121 526 Ille
151 470 281 527 motam
312 451 481 549 Principis
513 450 636 551 gratii,
671 452 782 524 altero
815 450 1011 541 consulatu,
1044 450 1221 528 immensis

63 569 179 643 divitiis
194 568 356 643 invidiam
373 571 579 665 verebatur:
598 568 691 642 male
707 569 900 658 consultus,
918 569 991 667 qui,
1009 568 1068 643 ubi
1084 592 1222 643 summa

64 688 177 785 gratia,
193 710 331 785 magnae
347 710 444 783 opes,
461 686 632 783 adrepens
646 685 786 774 invidia,
812 704 1006 783 suspectam
1022 702 1057 759 et
1073 686 1220 759 intutam

64 828 131 875 esse
159 802 375 892 modestiam,
400 805 547 876 decoros
575 803 662 876 vero
680 819 715 875 et
731 819 825 875 tutos
854 804 1005 876 honores
1034 802 1219 895 niaximos,

65 920 165 992 modo
183 944 255 992 non
271 918 490 1008 immodicos,
516 918 609 993 haud
625 918 843 1019 intelligeret.
899 938 902 945 ’

106 1162 165 1231 27.
191 1156 443 1243 Messium,
469 1154 516 1226 ob
533 1152 642 1226 luxds
673 1153 900 1241 monimenta,
925 1178 1004 1250 quae
1034 1152 1221 1246 invidebat,

62 1269 207 1344 Asiatico
235 1268 395 1361 infensa,¹
421 1270 505 1369 quid
533 1271 702 1343 adversus
732 1293 814 1341 eum
848 1268 990 1358 valeret,
1016 1271 1069 1341 M.
1095 1270 1217 1347 Vinicii

61 1384 177 1461 ruini²
213 1387 441 1486 praetentavit.
492 1388 553 1460 Bis
596 1386 732 1475 consul,
774 1402 870 1484 patre
903 1386 1075 1457 consulari
1109 1402 1219 1478 ortus,
1300 1368 1302 1376 Α

62 1502 235 1577 Caesarum
247 1505 437 1578 adfinitate³
450 1502 615 1591 inlustriS,
629 1503 783 1576 Vinicius
799 1502 862 1599 ipsi
879 1518 974 1575 tanto
993 1519 1064 1574 erat
1081 1528 1220 1601 suspec·
1287 1482 1299 1494 ’

60 1616 132 1708 tior,
149 1621 248 1719 qubd
265 1623 310 1693 ab
326 1620 369 1694 ei
385 1620 502 1709 laesus,
517 1618 699 1693 interfecti
715 1644 828 1691 uxore
845 1622 918 1718 ejus
935 1616 1036 1693 Julia.
1080 1620 1220 1693 Metam
1269 1623 1279 1647 ¹

60 1730 280 1836 furoremque
301 1737 480 1811 addiderat
501 1735 665 1835 pudicitia
686 1735 858 1809 incassum
876 1739 1030 1808 tentata.⁴
1082 1737 1220 1811 Obscu-

60 1874 134 1923 rum
159 1869 277 1928 tamen
302 1855 415 1927 scelus
445 1854 627 1953 quaesivit3
664 1854 850 1951 virumque
877 1852 1026 1925 invisum
1052 1852 1156 1925 simtd
1185 1868 1221 1926 et

60 1964 233 2061 dilectum,
258 1969 529 2069 melioribusque
546 1969 761 2067 temporibus
779 1969 939 2069 dignum,
956 1993 1091 2042 veneno
1108 1984 1220 2043 sustu-

60 2080 104 2155 lit
153 2087 293 2159 Funere
313 2086 455 2184 publico
468 2103 504 2159 et
521 2086 716 2159 laudatione
733 2086 886 2159 celebres
903 2082 1002 2159 fuere
1019 2084 1218 2184 exsequia,

59 2200 148 2294 quod
164 2202 284 2276 multis
306 2204 427 2277 datum
449 2202 491 2276 ei
507 2208 641 2293 -aetate,⁵
666 2229 746 2301 quae
765 2200 985 2275 humanitatis
1002 2226 1128 2300 expers
1145 2204 1220 2303 ejus

59 2315 202 2409 speciem
218 2318 436 2393 ambitiosius
453 2322 656 2394 ostentabat.

104 2577 162 2641 28.
188 2571 286 2643 Tum
302 2566 445 2645 Asinius
462 2573 602 2664 Gallus,
614 2572 715 2647 claris
727 2563 926 2660 natalibus,⁶
942 2567 1029 2665 facie
1046 2567 1218 2668 ignobili,'

59 2678 263 2761 deformiore
278 2687 432 2788 ingenio,
448 2688 600 2764 inserere
616 2717 690 2765 sese
706 2688 858 2763 fortunae
875 2687 995 2762 volunt.
1038 2686 1218 2786 Princeps,

57 2796 103 2868 uu
119 2804 274 2893 rebatur,
298 2807 343 2878 ab
369 2805 532 2880 omnibus
558 2809 772 2897 salutandus,
797 2802 1034 2902 siimperandi
1061 2801 1218 2877 volunta·

56 2925 120 2988 tem
136 2921 348 3013 ostenderet,
373 2921 480 3020 coepit
496 2925 543 2997 ob
559 2925 698 3024 generis
716 2921 958 3001 claritudinem
974 2921 1089 3020 palam
1107 2921 1217 2994 domi-

57 3237 90 3278 ex
103 3225 167 3283 Caii
182 3226 327 3304 Caligula
347 3226 467 3302 insanid,
487 3232 524 3289 de
544 3232 604 3311 qud
663 3232 788 3292 duxerat
800 3231 921 3300 Juliam,
933 3227 1099 3288 Germanici
1116 3226 1216 3290 filiam.
1301 3281 1302 3288 ,

58 3301 161 3364 dictum
183 3327 281 3385 supra,
302 3312 477 3371 remanebat.
518 3312 603 3373 Tunc
666 3314 742 3370 Vide
760 3315 848 3370 Stem.
861 3313 935 3370 Cas.
948 3329 976 3368 n.
990 3315 1030 3378 97
1043 3321 1070 3366 et
1083 3315 1134 3378 99.

58 3397 149 3446 autem
175 3389 264 3448 uicies
288 3401 317 3450 et
340 3403 444 3469 quater
468 3393 498 3450 in
526 3393 604 3453 ludis
704 3390 875 3451 ⁴Teulatu.
920 3392 988 3462 Dio,
1010 3390 1066 3448 loc.
1083 3390 1134 3450 cit.

59 3465 236 3528 Circensibus
258 3474 435 3546 certabatur,
455 3483 491 3532 ut
516 3474 603 3535 babet
706 3472 719 3509 ⁹
742 3473 786 3532 liti
800 3483 892 3533 etate.
935 3473 1004 3545 Dio,
1024 3470 1095 3529 ibid.

60 3545 121 3620 Dio,
142 3550 199 3609 loc.
214 3553 265 3610 cit.
307 3554 353 3612 De
367 3555 411 3612 his
421 3553 518 3632 uiginti
531 3577 604 3634 qua·
704 3549 1001 3613 ⁶Clarisaatolibus.
1030 3554 1127 3630 Nepos
1139 3554 1217 3614 enim

58 3637 119 3686 tuor
147 3633 279 3691 missibus
306 3655 447 3712 equorum
474 3635 603 3698 diximus
664 3647 726 3695 erat
747 3635 839 3694 Asinii
860 3635 1006 3706 Pollionis,
1026 3635 1102 3692 filius
1122 3635 1216 3694 Asinii

57 3725 125 3788 sape
138 3731 173 3770 ex
190 3714 372 3774 Kalendariis
386 3717 537 3776 veteribus.
666 3716 758 3788 Galli,
796 3729 825 3775 ct
857 3717 884 3772 V
889 3718 1004 3796 ipsania·
1038 3717 1216 3794 Agrippina,

665 3797 871 3876 quaep1·imitm
887 3798 1002 3855 'liberio
1023 3809 1168 3874 nupserat,
1188 3810 1218 3858 et

91 3865 255 3962 {Asiam
294 3877 415 3958 irffeasu.
467 3877 603 3936 inhiabat
664 3881 919 3957 exquoDrusum
932 3879 1071 3936 Causarum
1085 3898 1217 3957 suscepe-

57 3967 126 4009 entm
143 3955 241 4027 hortis,
263 3977 335 4035 quos
348 3957 604 4019 ValeriusAsiati·
664 3971 719 4019 rat.
764 3961 833 4019 lnde
858 3959 976 4018 Asinius
999 3959 1104 4018 Gallus
1129 3958 1217 4018 irater

57 4047 105 4089 cus
126 4034 225 4114 insigni
248 4034 461 4116 magnificentiis
481 4040 603 4099 extolle·
664 4053 726 4100 erat
753 4041 882 4100 uterinus
910 4039 997 4098 Drusi
1022 4040 1152 4112 Caesaris,
1184 4051 1217 4100 ut

59 4110 119 4182 butt
153 4130 187 4176 ut
217 4119 342 4182 vidimus
376 4140 467 4202 supra
494 4121 601 4181 Annal.
664 4122 752 4181 habet
768 4123 837 4191 Dio,
853 4123 906 4179 ix.
922 4142 950 4199 p.
964 4116 1034 4179 688.
1048 4123 1136 4181 Stem.
1151 4121 1217 4180 Asi-

60 4208 102 4250 xl·
119 4203 144 4253 l·
664 4204 778 4261 niorum
792 4203 923 4261 dedimus
935 4221 1033 4279 supra.

93 4268 108 4298 ²
130 4275 233 4341 Vinicii
258 4281 353 4343 rrtiad.
396 4283 465 4357 Dio,
492 4301 548 4344 ax.
570 4303 601 4362 p.
704 4281 716 4316 ⁷
739 4283 824 4342 Pacis
848 4282 976 4362 igrmbili.
996 4285 1000 4319 ¹
1019 4281 1137 4340 Statarii
1164 4284 1218 4342 mi-

58 4345 124 4414 683.
664 4363 760 4424 nimus
774 4375 834 4423 crat
849 4377 876 4422 et
891 4365 1034 4423 deformis.
1068 4363 1137 4437 Dio,
1159 4363 1215 4426 loc.

94 4429 431 4522 'Ommarffinituta
472 4445 602 4504 Uxorem
664 4446 715 4505 cit.
