2859 4950
235 325 295 388 260
634 321 970 380 suertnnnnnun
1171 326 1355 400 aucam

237 481 402 556 ludorum
419 475 525 566 dedit,
550 475 622 573 ipse
639 492 767 566 tamen,
788 473 1084 562 circumstantibus
1100 478 1268 553 sororibus
1281 486 1358 556 soda-

237 595 395 692 libusque
424 591 684 690 Augustalibus,
720 609 911 687 spectator:
948 593 1059 666 vetitis
1086 595 1266 686 omnibus,¹
1297 621 1358 694 qua

238 709 389 785 laetitiam
404 708 629 796 imminuere;
650 734 729 805 quae
745 733 872 808 augere
887 728 1040 804 possent,
1056 710 1235 805 permissis.
1270 716 1359 808 Supra

238 825 400 900 solitum²
417 823 496 921 equi
513 839 696 896 certavere.
746 825 925 922 Interjecta
940 825 1053 896 adhuc
1070 828 1187 924 Trojae
1202 829 1359 916 decursio:

238 959 400 1039 tantaque
425 940 572 1028 venatio,
603 959 641 1012 ut
660 962 775 1013 cccc.
793 941 892 1031 ursi,⁴
915 940 1127 1038 totidemque
1150 942 1224 1016 atiae
1245 943 1360 1042 Libyca

238 1057 390 1148 bellnae,⁵
414 1056 586 1154 perierint.

292 1297 347 1368 17.
375 1292 498 1379 Unus,
523 1289 797 1385 spectaculorum
824 1289 935 1380 avida,
965 1307 1001 1364 et
1028 1292 1233 1364 renascentis
1260 1291 1360 1364 veteris

238 1406 429 1504 splendoris
457 1406 606 1504 imagine
633 1409 793 1502 superba,
817 1399 1000 1504 conceptas
1026 1409 1071 1478 de
1097 1407 1312 1494 Germanico,
1337 1425 1361 1478 et

239 1521 439 1596 Germanici
464 1522 642 1619 sanguine,
666 1548 743 1619 spes
760 1549 965 1612 memorare,
989 1541 1164 1620 superatas
1189 1524 1361 1620 praedicare.

239 1637 409 1738 Quisque,
435 1654 473 1708 ut
502 1636 639 1734 ingenio
665 1639 810 1728 validus,
834 1634 986 1736 privatos¹
999 1664 1038 1711 ac
1055 1640 1212 1734 publicos
1237 1640 1363 1710 honores

157 1779 160 1790 ’
237 1755 462 1854 excogitabat.
489 1755 581 1826 Inter
596 1754 765 1851 publicos,
782 1757 939 1832 decretus
956 1755 1096 1855 clypeus
1112 1749 1264 1846 aureus,⁶
1279 1777 1362 1850 quem

237 2057 346 2135 signum
359 2057 449 2125 daret,
470 2057 622 2132 alp'ece'ral.
663 2059 781 2133 Signum

238 2149 335 2194 autem
356 2155 412 2192 non
432 2138 539 2199 dedisse
561 2137 672 2194 uidetur
685 2141 782 2210 (latius,

240 2229 272 2274 ut
296 2218 326 2275 id
350 2216 463 2274 honoris
488 2217 612 2275 Claudio
637 2219 782 2276 tribueret.

237 2299 321 2356 Teste
333 2299 408 2354 enirn
420 2299 556 2355 Suetonio
565 2299 592 2354 in
603 2299 709 2356 Claud.
724 2317 783 2355 vn.

239 2377 377 2436 Praetulit
400 2398 599 2455 nonnumquam
618 2381 785 2454 spectaculis

237 2459 266 2516 in
280 2459 342 2519 Caii
364 2461 458 2530 uicem,
480 2460 650 2517 acclamante
674 2461 784 2537 papinio,

238 2540 380 2604 feliciter,
408 2541 512 2617 purtim
531 2551 635 2615 patruo
660 2541 785 2617 Impera·

238 2622 318 2693 toris,
334 2623 442 2699 purtim
456 2621 619 2679 Germanici
622 2621 730 2700 fratri.

278 2778 287 2803 ¹
314 2780 417 2838 Velitis
429 2781 559 2837 omnibus.
592 2780 783 2854 ldeojudicia

237 2858 357 2929 distulit,
378 2861 491 2916 lnetntu
514 2859 647 2927 inhibuit,
668 2860 782 2936 aliaque

237 2941 316 2997 ntirae
329 2940 450 2997 levitatis
460 2940 535 3007 fecit,
548 2960 612 3015 quae
625 2940 688 2997 vide
701 2942 781 3016 apud

230 3020 372 3090 Dionem,
394 3021 449 3079 loc·
464 3020 514 3077 cit.

276 3094 290 3123 ²
324 3102 417 3177 Supra
456 3100 578 3159 solitum.
632 3102 782 3159 Austerior

235 3180 366 3238 Tiberius
380 3180 499 3239 natalem
512 3200 590 3237 sitam
608 3182 721 3257 plebeiis
740 3184 781 3238 in-

235 3272 391 3320 currentem
418 3260 601 3327 Circcnsidun,
632 3260 679 3317 nix
700 3264 781 3320 tinius

185 3412 191 3419 Ι
236 3343 306 3419 biga
316 3342 610 3419 adjectionerionoruri
621 3352 780 3417 parauerat.

236 3423 353 3481 Sueton.
371 3424 401 3479 in
422 3423 517 3479 liber.
538 3440 632 3479 xxvi.
674 3423 780 3479 llacte·

235 3520 288 3559 nus
312 3514 407 3559 autern
429 3504 514 3559 moris
535 3502 626 3559 fuerat
642 3510 672 3557 ut
690 3517 779 3560 essent

235 3584 349 3641 tentum
360 3582 511 3638 duodecim
522 3584 621 3639 missus
630 3602 780 3657 equorum,

235 3676 335 3721 contra
352 3664 440 3721 Caius
462 3662 553 3737 punici
576 3662 683 3737 uiginti,
712 3684 777 3720 nior

234 3745 333 3821 viginti
346 3754 471 3821 quatuor
485 3744 584 3798 missus
599 3744 683 3823 iecit.
711 3744 779 3814 Dio,

235 3824 292 3883 loc.
305 3826 354 3883 cit.
386 3824 471 3892 Quod
487 3823 584 3897 pbsted
597 3824 637 3880 itu
650 3824 780 3889 irivuluit,

236 3916 278 3977 nt,
313 3906 381 3962 licet
415 3905 444 3959 in
478 3902 521 3958 liis
554 3904 778 3977 aurigationibus

234 3986 368 4043 maximae
394 3986 484 4039 forent
506 3983 648 4058 impensae,
676 3986 777 4059 passim

234 4080 329 4125 tamen
350 4066 380 4121 in
393 4064 567 4127 Kalendario
583 4062 779 4120 Ilerwurtiano

233 4144 779 4214 occurretcnxxnn.idest‚Circrns-e.t,

220 4230 330 4287 'mistus
355 4226 457 4303 uiginti
478 4232 607 4299 qualitor.
649 4226 742 4280 lnnnu
755 4226 778 4282 si

233 4312 423 4385 geminaretur
433 4306 541 4373 lautitia,
553 4307 651 4366 missus
662 4323 779 4379 quoqne

232 4391 459 4467 geminabantur.
514 4386 582 4442 lude
616 4387 644 4442 in
678 4389 778 4442 eodem

234 4469 406 4528 Kalendario
423 4468 458 4525 ad
478 4466 553 4525 diem
567 4484 616 4525 vt.
629 4482 679 4525 ιι).
692 4484 778 4527 nov.

836 2081 868 2120 n.
895 2077 1052 2118 nnnvnn
1075 2075 1118 2113 nr
1146 2065 1360 2114 consrsnrn

835 2159 1008 2199 curtavit
1017 2157 1038 2195 1.
1062 2139 1090 2194 id
1115 2149 1167 2202 est,
1188 2143 1289 2192 sertum
1307 2131 1361 2185 lau

838 2221 1013 2286 Nouembris,
1034 2218 1139 2275 natulis
1155 2217 1259 2273 Nerea
1270 2222 1294 2269 et
1306 2210 1361 2266 Con-

835 2301 944 2370 stantii,
965 2300 1118 2367 Circenses,
1138 2297 1236 2354 niissus
1263 2293 1362 2370 quadre-

832 2383 1000 2458 gintaoem.

875 2456 887 2491 ³
911 2461 1006 2536 Trojee
1020 2459 1154 2519 decursio.
1199 2455 1245 2512 De
1263 2452 1312 2509 hoc
1328 2448 1361 2503 lu·

837 2543 915 2600 dicro
929 2544 1041 2599 dictum
1055 2540 1160 2597 Annal.
1175 2557 1220 2595 xi.
1234 2543 1277 2591 ll.
1297 2529 1361 2587 lstul

836 2624 854 2679 a
867 2624 995 2699 patriciis
1006 2623 1101 2699 pueris
1111 2622 1232 2685 editum,
1246 2615 1309 2681 Diu,
1319 2612 1362 2667 loe.

837 2705 886 2761 cit.

874 2781 889 2817 ⁴
904 2800 987 2841 cccc,
1001 2781 1070 2839 ursi.
1102 2778 1172 2849 Dio,
1187 2798 1254 2836 uix.
1268 2798 1294 2853 p.
1306 2770 1361 2830 tu.

834 2861 948 2941 “Apum
969 2860 1131 2941 ceremoniis
1145 2859 1200 2933 μεθ’
1211 2857 1288 2937 iniqui
1300 2848 1362 2911 ntis-

837 2947 886 2997 ὢ
897 2942 986 3021 Supini
998 2940 1057 2998 itur
1070 2938 1198 2997 &sebalem
1241 2942 1320 2996 Ursus·
1337 2932 1362 2985 ll·

838 3025 879 3080 les
893 3026 927 3079 de
942 3025 1071 3079 leonibus
1089 3021 1285 3078 intellexerim.
1324 3014 1362 3068 stc

837 3105 911 3159 enim
927 3104 945 3160 a
959 3105 1093 3159 llotnanis
1106 3101 1328 3177 appellabantur,
1339 3108 1364 3177 ut

838 3185 931 3241 videre
944 3194 985 3239 est
999 3186 1076 3259 uptul
1094 3181 1229 3247 Plinium,
1244 3194 1312 3259 vrit.
1323 3175 1362 3229 30.

835 3278 863 3323 et
877 3265 1042 3339 Virgilium,
1057 3262 1169 3318 AEneid.
1184 3278 1214 3316 v,
1227 3266 1275 3323 37.
1306 3252 1362 3310 lntlt·

834 3364 950 3421 quoquc
963 3343 1120 3413 luvenalis,
1142 3342 1237 3418 Satyr.
1250 3356 1293 3395 tv.
1305 3341 1346 3404 99-

1074 3487 1180 3530 eominus
1189 3499 1253 3527 ursos

856 3551 947 3598 figebat
958 3550 1076 3596 Numidas,
1089 3548 1179 3589 nnana
1188 3547 1264 3589 nudus
1274 3540 1337 3582 arent

859 3610 965 3649 Venator.

849 3740 882 3815 ,⁵
916 3742 1026 3821 Libyca
1062 3743 1167 3799 belliue.
1218 3736 1358 3799 Pandere.

832 3822 949 3898 hyaenae,
983 3824 1103 3899 aliaque
1129 3822 1157 3878 id
1180 3840 1267 3897 genus
1297 3818 1358 3905 feru.

833 3916 901 3960 tunc
917 3903 1157 3978 frequentissima,
1177 3920 1253 3958 nunc
1269 3912 1358 3955 rarissi-

832 4002 895 4052 tnae,
916 3997 949 4039 ut
970 3986 1114 4040 riclercest
1129 3984 1206 4059 apud
1229 3979 1357 4037 eruditum

833 4065 926 4130 Sliaw,
951 4064 978 4120 V
976 4085 1086 4142 apage-r,
1107 4063 1163 4120 vol.
1179 4080 1201 4120 1.
1215 4082 1242 4141 p.
1255 4052 1318 4116 816.

871 4138 885 4171 ⁶
905 4145 1023 4219 Clupeas
1048 4164 1158 4201 aureus.
1200 4142 1269 4201 llaec
1285 4150 1310 4193 et
1325 4152 1357 4189 st·

831 4226 948 4300 quentia
972 4226 1089 4281 totidem
1112 4220 1201 4279 verbis
1222 4216 1356 4277 Suetonius

830 4307 859 4361 in
873 4306 955 4372 Caio,
970 4324 1039 4362 xvi.
1053 4306 1114 4364 ,Dc
1128 4302 1233 4381 clypeis
1246 4298 1355 4355 diximus

830 4387 860 4443 in
873 4398 931 4446 not.
944 4398 972 4443 et
985 4386 1145 4445 emended
1158 4381 1260 4443 Aaou.
1272 4396 1303 4435 n.
1314 4376 1355 4431 ts.
