2859 4950
504 262 726 327 AGRlCOLA·
831 312 836 320 .
1125 278 1180 336 105

33 448 35 453 ’
63 418 210 497 laudando
224 434 393 516 promtos,
417 433 452 491 et
468 419 664 521 castigando
680 444 826 519 segnes:
851 420 897 495 ita
915 421 1057 499 honoris
1072 450 1179 499 aemu-
1241 493 1246 508 ,

62 539 124 611 latio
136 560 197 633 pro
219 534 417 609 necessitate
442 551 523 609 erat.
575 539 651 611 Jam
667 537 754 610 vero
771 537 964 634 principum
985 538 1074 614 filios
1097 542 1180 615 libea

61 653 161 725 talibus
183 650 314 743 artihus
337 650 499 742 erudire,¹.
542 668 576 724 et
608 650 744 751 ingenia
777 651 1030 741 Britannorum
1060 638 1180 731 studiis

63 768 243 843 Gallorum²
276 762 460 854 anteferre,
489 782 528 865 ut
560 766 620 865 qui
653 767 762 841 modo
778 766 949 867 linguam
983 769 1201 845 Romanam·

65 885 237 972 abnuebant,
267 880 499 979 eloquentiam
527 882 830 980 concupiscerent:
859 883 941 955 inde
961 884 1063 957 etiam
1084 886 1178 961 habi·

45 1018 49 1033 ·
67 1000 103 1071 tls
114 997 211 1072 notui
227 996 358 1087 honor,
383 1015 417 1070 et
433 995 595 1097 frequens
612 1016 716 1099 toga:
742 996 975 1101 paulatimque
991 998 1179 1102 discessum

63 1114 310 1189 addelir'timenta
325 1112 499 1205 vitiorum,
511 1116 675 1215 porticus,
689 1134 724 1191 et
739 1116 873 1205 balnea,
890 1132 924 1189 et
939 1106 1177 1191 conviviorum

61 1228 268 1327 elegantiam:
290 1228 396 1328 idque
432 1232 526 1328 apud
557 1230 734 1329 imperitos
767 1238 794 1275 “
810 1231 1003 1309 humanitas
1017 1235 1041 1267 ’'
1078 1258 1177 1309 voca·

58 1344 147 1435 baur,
167 1347 252 1421 etim
270 1370 351 1443 para
362 1346 533 1421 servitutis
550 1350 649 1423 essen

94 1585 146 1647 aa.
166 1576 345 1669 'itarius
371 1578 628 1675 expeditionum
654 1582 789 1653 annus³
805 1602 912 1653 novas
939 1582 1083 1679 gentes⁴
1098 1595 1177 1674 ape

33 1742 34 1783 3
55 1687 126 1778 ruit,
138 1692 389 1790 vastatisusque'
400 1688 444 1767 ad
460 1696 600 1768 Taum⁵
616 1695 793 1794 (aesnrario
804 1718 934 1769 nomen
948 1695 1018 1787 est)
1034 1696 1177 1770 nationi·
1213 1745 1216 1760 ι

33 1846 34 1909 3
55 1803 129 1877 bus:
153 1806 215 1905 qui
229 1806 418 1882 formidine
434 1810 541 1883 territi
557 1810 685 1899 hostes,
718 1834 928 1907 quamquam
944 1809 1177 1887 conflictatum

54 1918 134 1992 savis
155 1924 412 2022 tempestatibus
436 1926 640 2017 exercitum,
657 1928 821 2001 lacessere
836 1950 909 2001 non
924 1927 1021 2001 ausi:
1047 1950 1177 2023 ponen-

55 2032 153 2132 disque
174 2038 318 2137 insuper¹
339 2042 483 2119 castellis
508 2043 656 2139 spatium
687 2040 763 2117 fuit.
813 2034 1037 2120 Adnotabant
1057 2043 1200 2141 ·pen'ti‚;

53 2171 109 2221 non
122 2152 220 2229 alium
229 2156 359 2229 ducem
371 2147 640 2265 opportunitates
656 2160 816 2233 locorum
831 2157 1016 2259 sapientius
1025 2159 1182 2258 legisset

54 2264 166 2341 nullum
200 2272 245 2344 ab
271 2272 440 2372 Agricoli
476 2276 626 2374 positum
659 2275 838 2351 castellum
872 2293 932 2349 aut
955 2276 991 2348 vi
1023 2275 1179 2349 hostium
1276 2291 1280 2305 ·

54 2473 100 2517 taut
117 2462 143 2520 in
167 2466 317 2527 Britanuii
342 2469 412 2530 lulli
436 2470 579 2548 Agricolae
621 2490 677 2547 que
700 2479 765 2527 arte
785 2468 853 2526 olim
869 2487 936 2526 usus
958 2479 998 2526 cst
1018 2466 1177 2544 Augustas,

55 2537 159 2614 domum,
197 2559 285 2624 quarn
326 2567 429 2609 vocant
462 2551 579 2612 Juliur's
622 2551 830 2607 utvidere‘est
853 2551 931 2626 apud
953 2549 1122 2607 Suetonium
1143 2550 1174 2606 in

55 2616 118 2693 lloffi
142 2625 185 2682 vel
205 2629 323 2700 Horam,-
345 2633 442 2708 ibique
458 2632 581 2691 initiali·
621 2633 829 2707 Aug.xnrtrr.
1182 2633 1185 2639 '

55 2697 92 2756 bus
114 2703 196 2764 literis
226 2711 409 2789 irueriptum:
445 2713 469 2770 1.
483 2717 521 2770 Α.
535 2713 577 2768 Μ.
661 2708 803 2770 ²Studiis
817 2709 974 2768 Gallorum.
1016 2710 1119 2778 Durat,
1133 2709 1174 2768 vi·

55 2777 290 2866 P.ll.P.T.quod
314 2793 459 2868 explicant
483 2793 577 2852 rotro
620 2785 697 2868 geat'
721 2801 886 2867 crescatque
910 2789 986 2867 apud
1020 2801 1173 2864 utramque

54 2859 169 2935 Agricola
189 2889 320 2948 magnum
343 2873 458 2949 pictatis
484 2895 578 2932 monu-
621 2885 730 2948 gentem
744 2873 807 2930 haec
821 2870 975 2941 emulatio,
995 2869 1173 2948 ingeniorum
1287 2907 1290 2927 .

54 2951 400 3028 nentumpornittemplum.
431 2954 506 3010 Vide
515 2975 578 3012 eru·
621 2963 708 3030 etque
727 2948 887 3010 studiorum
908 2943 1007 3027 paretis
1027 2951 1173 3028 altrixque
1223 2949 1231 2956 ’

54 3017 126 3079 dnum
152 3025 280 3103 Gordon,
305 3033 484 3094 {tinctorium
511 3035 577 3111 Sep·
621 3033 848 3107 foecundissimo!
879 3031 987 3088 Mirum
1014 3043 1109 3090 autem
1131 3044 1174 3088 est
1238 3102 1241 3107 y

55 3103 205 3176 tentrionale,
220 3131 247 3188 p.
261 3117 310 3180 29.
332 3117 372 3170 At
385 3115 413 3170 in
431 3115 474 3172 his
486 3115 578 3173 facilis
620 3113 786 3190 Agricolam
805 3113 834 3168 in
849 3111 903 3170 hac
924 3125 1085 3188 temporum
1110 3113 1172 3168 bar·
1201 3171 1205 3176 ,

55 3183 230 3267 tttdivinatio,
243 3190 376 3271 proclivis
390 3213 476 3264 error,
496 3195 578 3254 raris·
621 3193 696 3251 baria
710 3192 822 3269 ingenia
836 3194 1036 3250 Britannorum
1051 3209 1172 3268 praeeeu·

54 3274 109 3318 uma
119 3269 223 3328 velites.
267 3274 329 3330 Nec
343 3277 402 3331 scio
415 3293 451 3332 an
466 3287 576 3334 aetatem
617 3274 693 3342 sisse,
706 3292 782 3350 quta,
800 3283 842 3330 tot
854 3274 918 3350 post
929 3272 1042 3341 seculis,
1056 3272 1171 3328 immor»

55 3341 173 3426 rllgricolae
191 3353 283 3428 sapiat
303 3354 430 3430 templum
450 3375 578 3434 magnum
618 3354 724 3411 talibus
744 3353 962 3411 clarissimorum
978 3351 1101 3408 virorum
1116 3351 1175 3409 Bo·

53 3425 147 3487 lutatis
169 3442 376 3492 monumentum.
420 3437 467 3492 Ad
495 3437 579 3514 Agri·
619 3455 679 3504 corr,
694 3434 811 3503 Milton,
833 3433 963 3500 Nemton,
990 3432 1172 3510 aliorumque
1197 3476 1200 3484 .

56 3499 129 3561 colam
155 3527 266 3589 quoque
286 3513 411 3573 referunt
430 3516 578 3587 sacellum,
619 3515 807 3594 plurimorum
819 3511 1130 3588 operibusinetaruere.

56 3585 113 3650 quod
142 3587 234 3649 adhuc
264 3605 344 3650 extat
372 3597 401 3652 iu
431 3598 578 3674 provincii
658 3589 669 3625 ⁸
694 3593 808 3651 Tertius
842 3591 1042 3667 expeditionum
1072 3614 1170 3653 annus.

56 3653 169 3743 Sterting,
182 3689 268 3750 prope
282 3673 447 3734 Bodotriam
462 3680 578 3736 ostium·
621 3677 657 3731 Α.
673 3676 710 3732 U·
725 3675 760 3731 C·
775 3679 844 3732 833·
864 3673 892 3731 J·
906 3674 941 3731 C·
957 3681 1005 3731 80·

57 3755 98 3825 ulle
110 3748 189 3804 amnis
202 3751 321 3812 Cotton.
344 3757 487 3815 Sacellum
501 3777 577 3815 nunc
657 3752 792 3811 4Nonus
821 3762 928 3830 gentes.
970 3754 1075 3811 Gentes
1103 3773 1169 3831 quae

57 3814 142 3881 dictur
167 3831 297 3892 Artlmr's
319 3834 388 3905 Οοκ,
420 3837 461 3894 tel
492 3839 577 3896 Omen.
618 3845 699 3892 erant
722 3837 796 3892 inter
809 3834 1014 3910 Solanon-Finit
1035 3847 1064 3890 et
1086 3835 1168 3893 firm
1207 3857 1211 3864 ’

60 3893 118 3958 lllud
137 3905 217 3968 Marti
246 3915 457 3991 signiferosaut
481 3919 578 3985 ultoii,
619 3916 655 3993 of
671 3915 741 3994 Tap.
783 3915 826 3973 lbi
846 3916 1088 3984 nuncprovineiae
1110 3919 1171 3974 An.
1263 3942 1267 3955 ·

59 3982 159 4050 l’ffllium
178 3990 260 4051 luisse
280 3995 387 4055 volunt.
431 3999 506 4056 Vide
522 3999 577 4057 'Cl
619 3997 747 4065 tondale,
768 3996 901 4064 Ensdale,
919 3991 1057 4072 Clystinle,
1079 3995 1171 4055 Tmar-

59 4055 239 4137 maonmu.
281 4075 355 4140 rosa
368 4075 489 4156 mgna
509 4079 579 4137 atet·
620 4077 690 4148 nn,
713 4077 848 4144 aet-mn
870 4075 1002 4144 marna,
1031 4075 1170 4155 sterling,
1287 4077 1290 4090 ·
1397 4042 1398 4107 1

60 4151 367 4234 nuseonrtsoj'juetice:
383 4159 496 4232 domus,
509 4179 578 4218 com·
620 4157 760 4226 Mentem,
781 4157 880 4224 Pertlr,
894 4156 966 4234 Fife-

59 4221 407 4314 notliuetdwellingdouses.
659 4235 740 4296 ‘Aa
767 4237 864 4295 Tanna.
912 4236 1171 4296 AEstuariurnillnrl
1293 4264 1298 4284 ⁸

90 4373 99 4402 ι
503 4329 505 4334 ’
619 4335 694 4377 nunc
714 4314 937 4396 Firtllqt'Tny.

116 4379 235 4454 Brutia.
275 4395 385 4454 Elidem
412 4395 578 4459 certissimi·
884 4423 891 4435 “
942 4412 946 4418 “

231 4497 320 4552 Vola.
345 4497 400 4553 tt.
