2859 4950
291 326 351 387 nn
374 277 602 385 ninnoonn
624 317 982 383 unanimum.
1164 317 1227 384 sss

109 480 180 549 Ant
207 479 384 570 Turpionis.
430 478 519 545 Bene
543 477 681 567 Lipsius.
727 476 820 545 Man
849 489 967 543 vetet-es
991 474 1153 557 editiones,
1176 486 1232 545 ant

64 594 244 683 Turpionis,
254 607 322 661 -ant
334 594 488 661 Ambivii.

106 708 155 774 Et
186 712 222 775 in
248 707 326 797 ipsi.
383 706 573 795 Prupositio
604 707 641 773 in
670 710 760 773 abest
798 705 817 769 d
847 703 1003 769 veteribus
1033 702 1231 771 editionibus.

60 821 340 888 Schnrzfleiscbius
355 832 385 887 et
399 822 603 885 omittendum
620 834 718 906 putet.

110 932 184 999 Sive
197 934 232 998 in
245 933 318 999 suis.
363 932 456 998 Matt
470 945 568 999 tentat
583 916 868 1009 Sphurzfleisehins,
890 930 955 995 sive
979 928 1083 996 insciis
1105 928 1233 1017 aliquis.

62 1044 188 1111 Melius
213 1045 374 1122 Muretus,
397 1044 557 1109 Acidalius
578 1061 610 1109 et
637 1043 876 1122 Freinshemius,
898 1042 962 1108 sive
984 1066 1084 1107 serrsus
1107 1042 1233 1129 aliquit.

62 1158 119 1223 Sic
133 1156 231 1221 fennd
246 1156 326 1220 infre
334 1178 406 1241 esp.
417 1163 471 1221 23.
494 1162 515 1194 ‘⁴
528 1156 620 1240 pauci
634 1178 739 1221 sensns
754 1154 828 1241 epti
844 1169 875 1219 et
887 1176 960 1219 curn
972 1156 1106 1241 quodam
1116 1153 1232 1219 lumine

62 1266 299 1333 urminsntur.'’
354 1302 359 1313 ·

108 1376 263 1469 Erigitur
275 1379 369 1446 enim.
414 1378 506 1446 Malu
521 1395 639 1446 ueteres
652 1379 814 1461 editiones,
837 1390 1001 1445 tueremur.

111 1602 203 1669 Cnt’.
217 1610 272 1669 et.
297 1600 366 1670 Nee·
379 1628 474 1671 unum
489 1602 527 1671 tie
537 1604 653 1692 populo
671 1602 801 1671 Canuti.
848 1600 954 1669 Locus
968 1602 1080 1668 miseri
1104 1624 1237 1687 corrup·

66 1730 125 1781 tus.
170 1714 210 1780 ln
227 1716 330 1781 MSS.
355 1716 458 1783 Vstic.
491 1718 611 1782 Canuti
634 1728 693 1782 ant
724 1718 794 1781 Atti
819 1716 857 1783 de
882 1714 1002 1781 Furnio
1026 1726 1058 1781 et
1086 1712 1235 1781 Gerania.

69 1827 158 1895 Libri
186 1827 273 1909 editi,
312 1826 432 1895 Canuti
459 1842 517 1895 aut
546 1828 649 1894 Aside
679 1828 800 1895 Furnio
828 1840 859 1894 et
885 1826 1032 1895 Toranio.
1075 1826 1237 1893 Tentsbet

68 1936 203 2024 lipsius,
224 1961 280 2005 nee
301 1939 398 2007 unius
422 1940 461 2007 de
484 1941 613 2036 populo·
627 1940 705 2007 Arii
727 1941 767 2007 de
791 1940 923 2021 tumn,
945 1940 998 2017 dra.
1042 1938 1237 2021 Gronovius,

64 2052 120 2117 vin
131 2074 271 2118 somnum
286 2062 396 2120 tenere.
442 2053 510 2121 Nec
523 2078 623 2121 unum
635 2054 673 2121 de
683 2055 800 2143 populo
819 2054 1004 2133 Carnutiurn,
1027 2064 1083 2119 ant
1095 2046 1234 2118 ‘Arrium

67 2161 259 2230 Furniumve
274 2166 453 2247 nominabo,
474 2190 609 2255 quasque
633 2167 714 2231 aiios
736 2168 770 2233 in
792 2167 894 2233 eodem
917 2164 1147 2231 valetudinaria
1172 2164 1236 2229 baa

64 2296 133 2339 orsa
143 2288 176 2339 et
189 2275 252 2341 bac
266 2278 379 2343 macies
387 2278 537 2365 probant.
567 2278 853 2359 Schnrztieischius,
877 2278 943 2344 Nec
957 2300 1054 2343 unum
1068 2276 1108 2341 de
1117 2274 1236 2364 populo

68 2384 190 2453 Canuti
214 2400 271 2454 aut
296 2388 389 2470 Arri,
411 2390 463 2456 vet
485 2391 603 2456 Furnii
624 2403 681 2457 aut
709 2390 853 2471 Tbrauii,
886 2392 999 2482 quique
1022 2390 1083 2456 alii
1106 2398 1179 2455 seint
1201 2388 1237 2455 irt

65 2500 171 2566 eodem
183 2501 417 2568 valetudinario
430 2503 492 2569 bec
506 2525 572 2569 ossa
587 2515 618 2569 et
632 2504 712 2570 bane
727 2505 854 2570 maciem
866 2504 1010 2592 probare.
1054 2503 1121 2570 Alii
1135 2501 1236 2584 aliter,

59 2626 97 2678 et
112 2613 212 2700 pejus.

113 2715 503 2817 usurunmnnnffan.
547 2727 598 2794 na
623 2727 854 2804 usensis.
872 2703 912 2794 'es
933 2727 1083 2795 ennon..
1106 2741 1234 2792 veneres.

66 2835 226 2920 Ernestns,
247 2839 409 2928 satisfecit.
452 2839 533 2919 Atii,
553 2839 749 2932 satisfecerit.

112 2949 156 3015 In
172 2950 321 3017 Asitium.
367 2951 483 3018 Mellet
498 2951 635 3039 Lipsius,
658 2956 693 3019 in
707 2953 867 3021 Asinium.
901 2951 1186 3032 Schurzfleisehins,
1201 2949 1235 3016 in

66 3062 258 3133 Fuscinium.
304 3063 401 3145 Nem,
432 3065 576 3132 Charisia
601 3079 692 3145 teste,
714 3067 771 3141 tib.
795 3077 825 3134 2.
858 3074 881 3106 “
900 3068 1038 3134 Licinius
1062 3065 1179 3132 Calvus
1203 3060 1235 3132 itt

65 3173 247 3241 Fuseinium
260 3175 397 3242 ambitus
410 3201 498 3242 reum
513 3177 665 3265 scripsit.”
707 3167 812 3246 Tot'us
825 3180 899 3245 verb
915 3179 964 3245 hic
980 3179 1069 3244 locus
1085 3177 1176 3244 'font
1190 3175 1236 3254 ite¹

62 3285 271 3372 refingendns.
318 3285 440 3358 Quotus
453 3290 535 3355 enim
557 3292 687 3380 quisque
699 3295 910 3359 accusationes
926 3290 1021 3358 Calvi
1042 3289 1076 3355 in
1092 3287 1234 3356 Asitium

63 3401 137 3472 (eut
150 3398 186 3462 in
201 3395 401 3483 Fuscinium)
415 3401 522 3466 autin
535 3399 680 3470 Drusum
695 3403 799 3494 tegni
821 3415 856 3470 at
880 3401 1001 3469 iuranti
1022 3404 1056 3467 in
1074 3401 1235 3468 bominum

61 3508 271 3576 studiosorum
284 3511 429 3577 mansibus
443 3527 617 3596 versantur,
639 3518 754 3606 quein
774 3513 936 3582 Vatinium
947 3513 1174 3593 inscribuntur,
1197 3529 1235 3578 ao

58 3619 217 3710 precipui
229 3623 362 3688 secunda
377 3648 414 3690 er
426 3625 474 3692 bis
488 3629 601 3694 oratio.
971 3627 973 3634 ’

111 3733 156 3798 In
182 3731 345 3802 Vatinium
372 3738 595 3806 inscribuntur.
641 3739 691 3808 ltn
728 3739 855 3827 Lipsius
886 3754 918 3806 et
955 3739 1151 3807 recentiores.
1195 3735 1234 3812 ln

64 3845 171 3914 MSS.
186 3845 291 3912 Vstic.
305 3861 339 3914 et
353 3849 507 3916 veteribus
521 3853 719 3935 editionibus,
741 3853 987 3921 corneribuntur.
1020 3851 1113 3917 Unde
1129 3849 1236 3916 maliet

64 3957 354 4041 Schurzfleischius,
376 3963 554 4052 conscripta
567 3976 649 4032 sunt.

111 4067 179 4137 Nm
192 4069 383 4138 voluntatem
396 4075 486 4162 quin.
530 4077 635 4146 MSS.
649 4079 752 4148 Vstio.
768 4103 807 4146 ne
819 4079 1010 4147 nolrrntatem
1026 4079 1055 4144 ei
1066 4099 1127 4166 quo
1139 4073 1237 4141 subli-

58 4179 157 4262 mitis,
178 4185 231 4260 ec.

109 4293 148 4360 Si
163 4315 225 4362 non
239 4296 399 4381 uniuersa,
421 4315 454 4366 at
468 4314 577 4388 partes
602 4327 719 4371 aarum.
766 4305 871 4374 MSS.
893 4303 997 4371 Vatis.
1034 4301 1072 4370 Si
1092 4293 1237 4370 unirersd

57 4419 156 4502 parta
178 4431 279 4477 serum
301 4414 336 4480 in
359 4413 482 4506 quibus,
512 4417 566 4494 dc.
611 4417 776 4487 Editiones
807 4435 936 4499 veteres,
977 4419 1003 4484 si
1033 4417 1065 4482 in
1089 4411 1238 4494 universi
