2859 4950
133 358 135 361 .
211 309 271 369 AD
292 308 370 367 L113.
392 306 448 367 DE
470 304 654 366 mosmos
678 305 996 424 GERMsuouUur.
1134 316 1196 385 659

45 464 113 528 leurs
121 452 331 551 compagnons.
353 466 363 499 ‘
370 460 579 547 C'est,ajoute
588 458 707 541 Tacite,
718 458 885 546 iudignitd,
896 460 1009 527 c’estlu
1017 460 1201 548 prienaee,
1324 540 1335 551 ‚

44 574 126 638 d'dtre
140 574 278 659 toujours
292 572 422 638 eutoure
438 570 527 638 d’une
542 572 627 638 foule
641 574 680 637 de
687 572 1020 660 jennesgeusquel'on
1031 576 1190 659 uchoisis3

45 686 108 751 s’est
122 706 160 748 un
172 696 330 750 ornemeut
339 685 415 749 dnus
424 682 454 747 la
462 672 545 769 p'aix,
567 666 694 749 c'est‘un
702 697 840 771 rempart
849 686 924 749 daus
937 684 968 749 le
980 708 1099 769 guerre.
1132 688 1187 753 On

44 819 70 861 se
80 796 147 859 send
162 795 288 860 celebre
302 796 376 859 daus
392 820 424 859 sa
435 794 538 859 natiou
548 807 579 859 et
590 795 666 860 citez
675 795 720 861 les
730 794 860 881 peuples
873 795 996 876 soisins,
1010 796 1109 863 sii'on
1119 822 1187 863 sura

43 930 120 993 passe
128 905 171 970 les
180 918 281 970 autres
295 928 351 991 par
363 906 393 970 le
407 910 537 971 nombre
551 918 582 969 et
596 905 625 971 le
639 930 772 991 contage
782 908 819 969 de
831 930 877 971 ses
891 929 1120 993 compagnonst
1144 894 1187 975 bn

42 1018 191 1104 regoitdes
200 1018 355 1102 prdseuts:
373 1016 416 1082 ies
425 1018 618 1082 ambassades
631 1016 815 1081 viennentde
824 1031 925 1083 tontes
937 1034 1032 1104 parts.
1047 1023 1189 1088 Souvent

42 1128 66 1193 la
78 1128 251 1213 rdputntion
265 1131 375 1195 decide
389 1132 426 1195 de
440 1129 470 1195 la
482 1153 601 1214 guerre.
646 1128 735 1193 Dans
748 1128 778 1193 le
793 1132 930 1211 combnt,
951 1131 974 1196 il
988 1146 1035 1199 est
1047 1136 1185 1201 honteurt

42 1262 74 1303 su
86 1238 188 1323 priuce
213 1241 307 1305 d'dtre
329 1241 478 1305 iufdsieur
500 1265 539 1305 en
561 1264 713 1326 conruge3
736 1240 757 1305 il
781 1254 827 1307 est
840 1241 976 1308 houteun
996 1241 1060 1311 ala
1074 1258 1186 1333 troops

42 1351 73 1413 de
85 1374 119 1415 ne
132 1350 220 1437 point
235 1350 340 1435 dgnior
354 1351 384 1415 la
398 1350 502 1416 valeus
515 1354 557 1417 du
573 1352 696 1437 priuos,
721 1352 795 1417 c’est
812 1376 872 1416 une
885 1353 1012 1419 infamio
1037 1356 1186 1423 (sternelle

42 1461 124 1527 delui
138 1463 223 1527 avoir
247 1464 387 1527 survdcu.
431 1462 671 1547 L'engsgement
697 1463 728 1529 le
754 1462 825 1549 piiss
850 1465 947 1546 sacre,
986 1465 1060 1533 c'est
1089 1469 1128 1533 de
1155 1468 1186 1533 le

43 1572 183 1639 defendre.
229 1572 264 1641 Si
278 1598 337 1639 uue
351 1574 411 1639 cite
427 1589 473 1640 est
488 1598 525 1640 en
541 1574 622 1661 pais,
644 1575 688 1639 les
707 1574 829 1659 princes
844 1590 918 1641 sont
932 1578 1008 1643 chez
1022 1578 1117 1646 celles
1130 1577 1186 1667 qui

43 1684 141 1749 iontls
164 1708 294 1771 guerre;
327 1686 401 1753 c’est
426 1686 526 1772 par-ld
549 1686 638 1773 qn’ils
664 1701 844 1752 conservent
867 1712 910 1753 uu
934 1693 1029 1773 grand
1054 1695 1186 1757 nombre

43 1796 146 1861 damis.
190 1797 326 1865 Ceus-oi
339 1798 497 1885 regoivent
511 1798 599 1863 d'eux
615 1796 644 1861 le
658 1795 765 1861 chevai
784 1799 826 1861 du
841 1802 970 1865 combas
983 1814 1015 1865 et
1028 1800 1058 1865 le
1065 1802 1185 1889 jevelot

43 1907 162 1973 terrible.
205 1907 270 1974 Les
285 1932 373 1995 repas
387 1932 449 1994 peu
464 1908 606 1988 delicats,
628 1909 704 1973 mnis
716 1909 838 1991 grands,
859 1923 929 1975 sont
948 1934 1009 1977 une
1020 1936 1131 2000 espece
1145 1915 1185 1980 do

42 2017 116 2082 solde
129 2042 210 2105 pour
223 2044 296 2087 eux.
339 2018 389 2085 Le
403 2019 509 2105 prince
523 2042 563 2085 ne
577 2019 712 2085 soutient
737 2042 792 2085 ses
807 2018 981 2088 liberalius
995 2048 1056 2110 que
1069 2049 1125 2111 par
1137 2024 1184 2093 les

42 2152 151 2213 guerres
175 2144 206 2196 et
220 2130 266 2195 les
300 2131 430 2217 rspines.
475 2130 563 2197 Vous
587 2130 654 2196 deur
678 2131 889 2217 persuaderiez
916 2132 987 2198 bien
1016 2135 1116 2200 moins
1143 2136 1184 2203 de

42 2238 170 2307 labourer
183 2242 213 2307 la
227 2255 308 2309 terre
320 2252 353 2307 et
374 2242 541 2309 d’sttendre
565 2242 693 2323 l'aunbe,
716 2266 777 2329 que
801 2242 1131 2329 d'appelier'l'enuemi
1152 2257 1184 2312 et

43 2351 74 2415 de
85 2355 216 2419 receuoir
239 2356 293 2419 des
317 2352 486 2436 blessures3
519 2353 555 2418 ils
576 2354 790 2441 u'acquerront
814 2377 870 2439 pse
894 2378 951 2439 par
974 2354 1005 2419 la
1029 2380 1122 2422 sueur
1146 2382 1183 2425 ce

44 2464 119 2550 qu’ils
132 2479 266 2552 pensent
279 2466 402 2534 obteuis
415 2489 471 2554 per
484 2466 513 2532 le
527 2466 621 2552 song!
631 2466 649 2494 ''
681 2462 733 2558 'In
755 2465 792 2531 iis
816 2464 941 2552 quidem
967 2490 1066 2553 penos
1079 2469 1185 2534 omisit

43 2574 238 2644 immutavitve
252 2574 303 2642 (ΙΙ.
318 2579 356 2642 de
377 2577 610 2664 Montesquieu,
633 2575 720 2664 qubd
739 2576 870 2661 scriptor
892 2591 983 2656 esset,
1004 2601 1066 2642 non
1089 2579 1184 2644 inter·
1284 2657 1292 2678 Ι

42 2708 110 2769 pres.
153 2689 244 2754 Bona
258 2691 436 2773 probemus,
457 2693 654 2754 emendemus
668 2701 778 2752 cetera.
820 2687 967 2753 Tacitum
992 2685 1011 2751 d
1034 2689 1087 2754 tali
1104 2691 1183 2774 viro,

43 2799 114 2882 quod
127 2799 253 2885 quidem
267 2799 319 2864 diu
334 2800 496 2865 meditatus
510 2814 566 2878 est,
588 2799 618 2864 in
633 2799 791 2864 Gallicum
805 2823 978 2866 sermonem
988 2823 1109 2868 versum
1120 2825 1184 2871 non

42 2908 132 2990 fuisse,
154 2933 277 2997 semper
290 2910 425 2976 manebit
438 2909 631 2976 desiderium.

78 3019 419 3110 Electommjunennm·
441 3013 519 3088 MS.
534 3022 684 3088 Arundel.
697 3034 729 3087 et
745 3021 826 3088 Cod.
843 3021 949 3110 Kapp.
964 3035 993 3090 et
1005 3023 1180 3092 electorum.

41 3126 120 3196 Unde
141 3146 240 3200 tentet
262 3133 421 3214 Ernestus,
451 3145 480 3199 st
505 3133 659 3200 lectorum.
703 3133 872 3219 Eleganter
884 3133 1020 3221 quidem,
1040 3137 1094 3201 sed
1118 3158 1182 3202 nou

41 3245 208 3310 necessarie.
568 3315 570 3321 ,

77 3353 117 3421 In
130 3355 186 3423 sud
197 3367 289 3445 'gente
303 3356 422 3444 cuique.
468 3353 588 3444 Cuique
601 3355 721 3423 sbestd
736 3355 814 3423 Ms.
827 3355 929 3422 Vatis.
943 3359 1041 3432 2964.

75 3593 161 3661 Csr.
179 3606 230 3665 14.
255 3575 328 3662 Nos
342 3591 514 3684 adaquare.
537 3593 576 3660 Is
589 3595 742 3662 veteribus
756 3596 951 3679 editionibus,
971 3617 1035 3663 nors
1048 3619 1180 3686 equore.

76 3701 272 3796 Procipuum
298 3718 535 3774 sacramentum.
578 3705 616 3772 In
646 3707 799 3774 veteribus
823 3707 1019 3793 editionibus,
1040 3722 1074 3776 ot
1100 3710 1179 3778 MS.

39 3819 111 3898 apud
128 3819 283 3906 Lipsium,
301 3820 479 3907 principuus
491 3830 724 3887 sacramentnm.

77 3925 259 4018 Etfacilids
272 3930 354 3996 inter
368 3931 520 4018 discipitia
534 3923 712 3998 'clarescunt
755 3929 794 3996 In
809 3931 945 4019 Spirensi
966 3946 998 3998 et
1020 3931 1182 4021 Poggius!

40 4035 223 4126 editionibus,
256 4043 434 4110 clarescant.
480 4043 669 4110 Puteolanus
695 4046 918 4126 emendaverat,
962 4054 991 4109 et
1030 4054 1067 4109 ut
1100 4077 1181 4127 m·¹

40 4143 208 4219 clarescant.

44 4291 48 4298 ·
79 4257 204 4332 Tutore.
246 4257 296 4333 lta
318 4267 422 4335 MSS.
445 4267 548 4335 Vstio.
575 4275 659 4335 1518
687 4281 720 4334 et
741 4275 839 4344 4493.
860 4275 981 4332 veteres
1001 4283 1129 4354 quoquo
1149 4269 1182 4330 et

40 4387 168 4442 recentes
191 4378 349 4449 editiones.
392 4378 433 4448 ln
456 4379 537 4452 MS.
557 4379 662 4452 Vstioae
682 4381 779 4460 9961.
799 4393 832 4448 et
853 4379 965 4450 mediis
985 4375 1182 4462 editionibus,

116 4531 201 4585 von.
224 4535 273 4584 ιν.
776 4553 781 4574 ι
1025 4522 1047 4584 2
1070 4533 1095 4583 rs
