2859 4950
206 244 246 334 ri
439 278 443 288 ·
571 264 984 329 C.CORNEL11TACIT1

205 424 404 525 suspiciens,
416 441 470 498 ter
484 420 637 523 singulos
649 424 751 512 tollit,
767 416 1139 511 sublatos,secundi1m
1156 416 1375 517 impressam

206 544 286 617 ante
299 561 429 631 notam,
442 542 693 637 interpretatur.
728 538 764 611 Si
776 536 1040 633 prohibuerunt,
1053 536 1164 627 nulla,
1178 537 1228 611 de
1242 536 1374 612 eidem

206 685 258 748 re,
274 661 310 731 in
327 659 488 731 eumdem
510 658 615 745 diem,
641 655 866 728 consultatio:
893 654 945 727 sin
970 653 1193 751 permissum,
1221 653 1373 751 auspici·

207 800 309 847 orum
338 776 452 847 adhuc
480 774 567 845 fides
595 772 755 869 exigitur.
806 771 851 842 Et
880 768 966 841 illud
996 769 1136 867 quidem
1167 768 1280 841 etiam
1312 750 1387 843 hic¹¹

148 910 152 929 ¹
206 909 343 979 notum,
365 890 501 961 avium¹
524 914 641 975 voces,
669 887 872 982 volatusque
896 884 1117 983 interrogare.
1171 884 1372 983 Proprium

206 1007 344 1105 gentis,²
372 1030 543 1103 equorum
571 1028 711 1100 quoque
740 1000 905 1099 praesagia
933 1026 972 1075 ac
1002 1001 1153 1075 monitus
1185 1000 1367 1097 experiri:

205 1122 343 1219 publice
372 1123 513 1193 aluntur
539 1120 660 1191 iisdem
688 1119 908 1192 nemoribus³
938 1142 978 1189 ac
1012 1116 1111 1206 lucis,
1142 1114 1305 1213 candidi,
1335 1130 1369 1189 et

205 1240 303 1312 nullo
336 1237 472 1309 mortali
505 1260 609 1332 opere
642 1234 802 1323 contacti,
832 1259 919 1331 quos
951 1258 1085 1330 pressos
1113 1256 1218 1305 sacro
1258 1256 1367 1306 curru

205 1354 378 1442 sacerdos,
391 1378 429 1424 ac
446 1350 523 1441 rex,
539 1353 594 1424 vel
612 1352 770 1449 princeps
782 1350 936 1440 civitatis,
952 1350 1173 1437 comitantur,
1193 1347 1368 1423 hinnitus·

205 1496 275 1566 que
291 1494 330 1541 ac
347 1468 505 1540 fremitus
521 1471 714 1540 observant.
764 1472 842 1541 Nec
858 1466 919 1538 ulli
945 1464 1095 1563 auspicio
1117 1466 1235 1563 major
1263 1465 1366 1552 fides,

205 1610 278 1657 non
293 1586 412 1657 solum
432 1586 525 1680 apud
550 1584 700 1679 plebem,
726 1584 787 1655 sed
813 1583 905 1679 apud
927 1606 1099 1679 proceres,
1127 1581 1226 1676 apud
1254 1604 1366 1653 sacer·

205 1702 314 1773 dotes.
365 1704 411 1771 Se
437 1700 529 1770 euim
555 1698 728 1769 ministros
752 1700 925 1784 Deorum,
941 1696 1018 1767 illos
1040 1693 1199 1769 conscios
1227 1711 1363 1791 putant.

204 1816 267 1888 Est
284 1833 317 1886 et
343 1814 406 1886 alia
427 1814 617 1887 observatio
634 1814 877 1910 auspiciorum,
903 1811 973 1909 quai
998 1812 1155 1911 gravium
1181 1811 1364 1885 bellorum

204 1948 347 2004 eventus
363 1934 554 2027 explorant.
605 1934 690 2029 Ejus
706 1932 830 2030 gentis,
844 1954 925 2002 cum
941 1927 1011 2026 quai
1027 1928 1159 1999 bellum
1177 1944 1245 2018 est,
1260 1925 1363 2023 capti-

203 2071 289 2119 vum
315 2073 457 2144 quoquo
482 2048 588 2119 modo
608 2030 859 2144 interceptum,
882 2050 970 2117 'cum
996 2044 1106 2121 electo
1134 2042 1361 2139 popularium

203 2186 360 2250 suorum,
377 2163 491 2258 patriis
504 2188 678 2261 quemque
694 2163 797 2234 armis
814 2160 1071 2234 committunt:4
1085 2156 1231 2232 victoria
1244 2158 1361 2257 hujus,

204 2279 259 2350 vel
275 2278 378 2367 illius,
394 2304 459 2375 pro
476 2279 675 2377 praejudicio
691 2278 866 2375 accipitur.

257 2521 314 2582 11.
340 2511 399 2582 ΒΕ
418 2510 607 2585 minoribus
624 2515 727 2585 rebus
745 2510 913 2608 principes
930 2507 1135 2596 consultant,
1158 2507 1206 2579 de
1223 2504 1359 2604 majori-

203 2626 270 2697 bus
283 2649 425 2700 omnes:
443 2627 489 2699 ita
505 2648 632 2718 tamen,
646 2649 683 2701 ut
701 2655 741 2701 ea
758 2655 910 2726 quoque,
928 2649 1077 2722 quorum
1093 2647 1200 2722 penes
1217 2623 1358 2720 plebem

203 2741 384 2814 arbitrium
399 2761 462 2832 est,
480 2745 571 2841 apud
595 2743 766 2841 principes
790 2744 1065 2841 pertractentur-⁵
1117 2740 1275 2828 Coeunt,
1294 2732 1356 2808 nisi

228 2971 256 3003 ¹¹
280 2975 391 3033 Auium.
409 2977 516 3034 ludein
531 2977 663 3036 Concilio
678 2979 769 3053 Lep-.
808 2995 830 3035 1.
848 2983 893 3034 10.
915 2977 990 3036 Num
1006 2983 1034 3032 et
1053 2973 1135 3031 solem
1156 2973 1254 3032 Persoe
1274 2989 1354 3028 unum

207 3053 317 3125 linensi,
326 3074 401 3114 nunc
415 3055 548 3124 Lestincs,
559 3060 670 3116 ΑΜ.
680 3066 749 3122 743.

206 3133 359 3204 celebrate,
377 3137 406 3191 in
428 3137 555 3194 indiculo
575 3140 749 3215 superstitio·

205 3232 285 3283 num,
299 3235 364 3290 quae
386 3217 587 3291 prohibemus·
600 3221 694 3294 agitur
716 3221 751 3278 de

168 3354 171 3363 ,
205 3297 335 3372 attguriis
355 3298 400 3353 rel
420 3296 521 3366 neieina,
545 3300 590 3356 rel
609 3320 750 3375 equorum,

205 3377 250 3446 uel
261 3378 340 3434 boam
355 3375 533 3446 stercoribus,
552 3382 597 3437 uel
608 3389 748 3438 sternutu-

206 3456 290 3512 tione.
326 3457 482 3524 Hartzeim,
495 3458 621 3517 Concilio
632 3460 750 3518 Geram-

205 3536 266 3602 niu,
282 3536 380 3594 Vol.1.
396 3559 425 3613 p.
437 3544 485 3595 51.
622 3593 627 3605 ,

245 3611 259 3638 ²
278 3615 430 3691 Proprium
459 3619 561 3696 gentis.
596 3620 747 3696 Proprium

187 3726 192 3732 ·
205 3715 321 3772 quoque
335 3697 494 3767 Persarum,
505 3700 565 3773 qui,
576 3709 644 3757 teste
660 3701 750 3757 llero·

206 3777 283 3845 doto,
305 3795 356 3835 ιιι.
378 3799 406 3835 ιι.
421 3785 458 3836 85
481 3791 510 3835 et
531 3777 579 3837 86.
616 3779 749 3850 Durium,

205 3855 317 3914 hinnitu
351 3859 417 3934 equi
452 3878 542 3934 regem
571 3860 747 3918 declaratum

205 3937 375 3996 salutarunt.
410 3940 552 3998 Memorat
569 3961 684 4017 quoque
699 3941 749 3997 lib.

206 4037 228 4074 1.
243 4037 270 4075 n.
288 4021 355 4086 189.
377 4021 406 4076 iu
426 4021 555 4077 exercitu
570 4023 639 4098 Cyri
660 4041 749 4096 equos

204 4119 299 4156 saeros
332 4112 361 4156 et
400 4101 543 4158 candidos.
607 4103 748 4177 Fugatum

206 4181 332 4236 Xerxem
360 4182 505 4238 ariteibant
530 4183 595 4256 equi
622 4183 695 4240 sacri
721 4193 749 4240 et

204 4279 283 4318 sacer
305 4279 416 4329 currus,
442 4256 556 4318 ἵπποισί
577 4261 632 4341 igal,
653 4263 700 4318 nal
721 4265 748 4318 el

204 4336 278 4418 ἇςμι
297 4342 325 4395 ri
345 4337 402 4419 igit,
426 4343 563 4400 llerodot.
578 4361 637 4401 v11.
656 4361 685 4400 n.
700 4348 748 4402 55.

168 4439 171 4450 ·
204 4421 328 4478 Causam
349 4421 490 4498 religionis
504 4425 588 4481 docet
607 4424 749 4496 Justinus,

808 3058 899 3116 Deum
914 3056 1110 3120 assecretem,
1129 3061 1156 3111 cl
1171 3073 1256 3128 equos
1270 3051 1354 3126 eidem

807 3140 1051 3214 retrocesserunt.
1070 3132 1269 3208 Rugiauorum
1285 3149 1354 3207 quo·

809 3239 863 3295 que
874 3219 1004 3276 sacerdus
1014 3214 1143 3291 auspicia
1152 3235 1188 3270 ex
1201 3233 1279 3289 equo
1289 3229 1353 3268 can-

808 3301 876 3357 dido
888 3300 1028 3368 sumebat,
1050 3308 1083 3353 ut
1105 3296 1199 3351 videre
1212 3307 1255 3350 est
1274 3291 1350 3368 apud

808 3382 948 3444 ,baxonem
963 3376 1205 3445 Grammaticum,
1219 3376 1279 3432 loc.
1289 3372 1337 3430 cit.

847 3455 858 3488 ³
881 3461 985 3517 Iisdem
1004 3457 1166 3516 uanioribus.
1194 3455 1290 3513 Sacn's
1307 3471 1351 3508 ne·

808 3541 934 3598 moribus
946 3559 980 3596 ac
994 3538 1077 3595 lucis.

846 3618 1072 3678 *Constatura
1102 3616 1171 3673 Inde
1198 3610 1350 3691 singularia

807 3701 972 3768 certamina,
986 3700 1071 3766 ducis,
1083 3696 1195 3754 serociae
1208 3715 1242 3753 nc
1254 3709 1348 3769 super·

806 3779 1349 3848 stitiuuistnouumenta‚diuramentum·

807 3881 893 3934 (priam
909 3863 963 3918 Dei
974 3861 1119 3936 judicium
1135 3859 1240 3916 habita.
1282 3847 1346 3920 Qui

806 3942 883 3998 dere
898 3943 988 4000 multa
1009 3942 1093 3998 habet
1114 3939 1159 3996 Cl.
1173 3940 1208 3996 de.
1224 3939 1345 3994 Montes·

807 4024 905 4098 quien,
914 4023 1012 4100 Esprit
1021 4024 1067 4080 des
1079 4021 1289 4090 Leir‚xxv111.
1301 4019 1343 4077 17.

847 4100 857 4134 ⁵
872 4103 1099 4160 Pertrartentur.
1120 4101 1258 4176 Insignem
1269 4097 1343 4154 hunc

806 4183 901 4240 locum
917 4197 945 4242 et
957 4185 986 4240 in
997 4193 1056 4240 arte
1070 4181 1190 4260 politici
1203 4192 1343 4261 summum

806 4273 912 4323 tractat
922 4263 967 4322 Cl.
978 4265 1013 4320 de
1022 4263 1233 4338 lllontesquieu,
1249 4257 1342 4330 Eunt

806 4346 853 4404 des
868 4345 948 4415 Loir,
962 4363 1006 4402 vr.
1023 4353 1068 4402 ll.
1089 4343 1160 4402 'lale
1172 4337 1306 4400 libertatis
1315 4341 1342 4387 et

805 4426 985 4486 auctoritatis
1007 4435 1257 4502 temperamentum
1274 4415 1341 4474 Ger·
