2859 4950
41 304 175 367 mu.

321 300 439 392 ⁸stram
461 300 612 373 nnctnn
633 288 873 363 auunmun'r.

1138 310 1197 369 407

37 456 233 533 militarium
278 452 481 530 fortiaeimos
518 478 614 529 arma
653 454 799 557 insignia
831 473 1009 555 tamquam
1042 456 1196 557 participi

34 723 125 782 scelus
146 724 263 783 tandem
283 744 350 782 eum
369 722 487 795 exuite,
507 724 587 791 calm,

37 805 142 863 ramosa
149 806 179 863 in
188 805 352 864 Annalibus
360 805 525 863 Sinensibus
536 805 589 863 im·

37 886 103 961 perii
126 885 225 963 pestis,
256 886 316 943 Pao
337 884 403 943 Sere
425 887 589 944 concubina

37 966 215 1043 imperatoris
230 966 308 1025 Yeatt
325 966 435 1042 Ououg,
456 966 507 1043 qui
531 986 590 1040 reg-

38 1064 101 1103 nare
114 1047 204 1123 coepit
217 1066 294 1104 anno
307 1053 376 1113 781.
390 1053 426 1103 A.
436 1047 470 1103 C.
487 1066 536 1101 asa
546 1066 591 1102 ar·
604 1060 610 1070 “

39 1126 111 1185 tibus
124 1127 263 1192 eunuchi,
283 1128 379 1201 adegit
390 1127 588 1203 imperatorem

39 1226 155 1265 uxorein
163 1228 247 1266 suam
263 1206 419 1284 legitimam
430 1208 591 1284 repudiare,

39 1289 154 1363 ejusque
187 1288 282 1345 filiurn
315 1287 497 1365 imperatorio
522 1287 591 1362 jure

40 1371 169 1429 orbatum
195 1370 392 1446 pronuntiare,
417 1381 451 1426 ut
477 1368 539 1443 ipsa
561 1369 590 1425 in

41 1448 226 1525 imperatoriae
273 1449 372 1507 uxoris
413 1448 591 1523 dignitatem,

42 1528 157 1606 ejusque
179 1528 259 1587 filius
279 1529 309 1585 in
330 1527 492 1586 hereditatis
512 1548 590 1606 spem

42 1609 247 1669 adsumeretur.
289 1610 346 1667 Ubi
370 1619 503 1667 votorum
538 1610 593 1668 suit

44 1708 163 1767 compos,
186 1709 244 1748 non
257 1690 350 1749 solim
368 1690 503 1747 euntrcba
515 1689 551 1746 de
563 1710 593 1748 se

47 1770 110 1835 beni
131 1772 237 1829 merito
258 1786 366 1847 gratam
382 1788 419 1827 aa
440 1789 592 1828 memorem

44 1868 70 1907 ae
85 1852 224 1927 prestitit,
244 1870 370 1928 eumque
390 1849 500 1929 palatia
523 1869 595 1927 pree·

48 1932 143 2005 posuit,
154 1933 206 1991 sed
218 1942 248 1989 et
261 1932 410 1990 eunuchos
420 1931 457 1988 ad
468 1930 595 2008 plurima

46 2022 71 2068 et
81 2014 228 2091 praecipua
241 2013 340 2091 palatii
350 2011 505 2069 ministeria
514 2010 595 2068 adbi-

49 2092 113 2149 buit.
155 2092 261 2171 Viguit
272 2092 380 2171 posted.
394 2106 427 2150 ut
438 2092 517 2169 apud
529 2092 596 2149 Ori·

47 2172 120 2242 entis,
144 2175 189 2233 sic
210 2174 294 2251 apud
316 2174 449 2232 Sinarum
474 2172 596 2250 populos

47 2254 240 2313 eunuchorum
255 2254 379 2313 fortuna.
410 2254 596 2329 Imperatores

49 2330 163 2393 Romam
182 2335 254 2395 cim
277 2353 330 2412 pro
349 2334 461 2411 imperii
486 2334 597 2409 fastigio

50 2432 137 2475 omncs
160 2428 345 2476 externarum
368 2414 595 2473 dominationum

51 2491 173 2556 libidines
187 2499 216 2556 in
230 2497 537 2576 secomplecterentur,
549 2515 597 2554 tos

50 2593 157 2652 quoque
177 2579 259 2656 cepit
278 2578 477 2636 eunuchorum
500 2577 595 2635 furtu:

53 2673 82 2712 ac
96 2659 206 2718 nudem
221 2658 300 2718 visus
311 2662 366 2717 sub
379 2658 505 2716 Claudio
519 2658 598 2715 Prin-

52 2736 109 2811 cipe
133 2740 249 2800 Posides
270 2739 430 2809 eunuchus,
461 2739 599 2796 militaria

53 2812 163 2892 insignia
188 2820 311 2898 superbe
338 2832 492 2890 ostentans,
524 2821 598 2878 inter

54 2899 273 2968 preclarissimus
288 2899 397 2959 militiae
410 2901 498 2958 duces
512 2900 599 2976 Capi·

53 2976 147 3037 talium
161 2981 250 3040 adire.
284 2983 330 3040 Ne
341 2981 468 3058 optimus
479 2982 596 3057 quidem

55 3053 178 3140 Princeps
188 3063 283 3132 Titus,
293 3062 341 3119 sed
352 3063 478 3138 Qmentis
487 3061 598 3120 deliciis

55 3151 182 3214 asuerus,
196 3147 234 3202 ab
246 3143 297 3200 illo
307 3143 507 3200 eunuchorum
521 3161 601 3199 arno-

57 3233 80 3273 η
103 3223 250 3282 abstinuit.
293 3222 433 3280 Pessimus
458 3223 600 3280 Domitia-

57 3313 103 3356 nus
113 3319 168 3362 non
180 3306 251 3363 recti
267 3303 437 3380 honestique
450 3301 532 3372 curi,
551 3304 599 3360 sed

57 3381 177 3441 maenas
190 3386 304 3443 fratrent
319 3381 438 3455 inridid,
451 3384 600 3440 eunuchos

56 3463 170 3522 tustulit.
209 3467 280 3524 Post
299 3466 361 3541 ejus
385 3466 493 3522 caedem
517 3467 601 3522 abro-

58 3552 188 3610 galasant
200 3548 263 3623 ejus
276 3545 400 3604 decreta
440 3545 600 3603 armatior

60 3617 151 3681 vindex
165 3627 337 3703 virtutisque
348 3625 484 3694 adsertor,
495 3627 601 3703 egregi·

59 3713 87 3754 ω
103 3701 233 3786 Princeps
248 3708 346 3766 Nerva
366 3709 457 3765 vetuit
478 3725 513 3762 ne
534 3708 600 3783 quis

60 3787 111 3837 toto
142 3784 260 3865 imperio
286 3790 416 3846 llatnano
448 3788 601 3846 eunuchus

61 3856 137 3920 leret
162 3867 229 3940 Dio,
244 3873 470 3944 nxv11.p.759.
485 3886 601 3927 txvtn.

62 3955 85 4011 P·
97 3947 161 4031 770.
201 3949 262 4008 lex
276 3949 363 4026 digna
376 3949 507 4026 Principe
527 3949 603 4026 sapi·

62 4025 200 4099 eutasimo,
219 4044 247 4087 et
271 4029 457 4087 humanitatis
477 4029 603 4088 virtutis·

62 4109 329 4186 questudiosissimo.
370 4110 473 4188 Viguit
483 4113 538 4168 sub
550 4129 604 4186 op-

65 4181 129 4265 qma
149 4186 338 4270 Principibus,
359 4192 409 4268 qui
434 4192 602 4267 auspicatis-

65 4264 242 4330 ⁸¹¹11⁸Nervae
265 4288 394 4348 tempora
409 4283 480 4330 sunt
500 4272 602 4331 secuti.

62 4333 164 4416 RQ,
172 4348 331 4412 labentibus
338 4352 420 4411 annis
427 4367 457 4411 et
465 4354 603 4424 moribus,

66 4420 164 4484 mollita
181 4433 467 4512 eat;‚,sancitumque
496 4447 530 4491 at
554 4434 603 4512 pai

646 725 780 783 darniacrn
793 724 921 795 invitam,
942 724 1064 782 libidinis
1079 732 1128 782 ant
1140 744 1206 800 pra·

646 806 744 863 mercii
766 802 850 863 carrd
871 806 1051 873 caatrauerit,
1078 813 1206 863 castran-

648 887 746 943 darnve
759 885 912 955 certauerit,
924 886 982 943 aive
994 885 1018 941 ir
1029 889 1205 954 tervanniae

648 966 769 1025 liberarit
783 966 875 1041 capite
893 968 1054 1042 puniretur.
1096 967 1207 1024 Horet-

649 1046 746 1114 tiorea,
766 1045 915 1121 publicatis
936 1045 1023 1111 botrie.
1043 1046 1072 1104 ia
1087 1047 1206 1105 iaculata

650 1128 886 1201 deportarentur;
910 1139 942 1184 ut
965 1128 1058 1183 videre
1071 1140 1113 1185 est
1127 1127 1204 1203 apud

649 1208 763 1266 dulium
787 1206 921 1277 Paulum,
943 1208 1069 1266 Sentettt.
1088 1209 1205 1287 lliccpt.

652 1288 730 1345 Libr.
744 1306 773 1345 v.
787 1286 846 1343 l'it.
861 1292 910 1345 23.
943 1289 992 1346 Ad
1004 1288 1091 1365 legem
1104 1286 1208 1345 Carne·

650 1368 715 1425 liam
737 1370 771 1425 de
792 1366 910 1425 Sicaniis
928 1378 956 1426 et
974 1368 1117 1443 Veneficio,
1141 1368 1208 1445 Leg.
1284 1434 1287 1445 Ι

654 1455 700 1507 13.
746 1448 781 1505 Et
795 1449 823 1505 in
838 1447 893 1505 haic
908 1460 1069 1524 temporum
1086 1448 1208 1523 rnollitie

650 1530 727 1586 visus
738 1538 780 1586 est
794 1530 848 1587 sub
862 1530 964 1585 Severo
975 1530 1108 1607 Principe
1122 1530 1209 1587 Plau-

652 1610 757 1679 tianus,
779 1610 907 1686 privatus
921 1608 1016 1677 bonno,
1029 1610 1078 1667 sed
1092 1610 1166 1668 luxu
1178 1623 1208 1669 et

651 1689 756 1767 opibus
763 1707 814 1765 par
826 1690 1017 1767 Principibus,
1027 1691 1076 1768 qui
1091 1700 1208 1750 centum

653 1770 782 1845 ingenuit
797 1771 932 1828 Romanis
955 1769 1120 1829 virilitatem
1142 1772 1210 1828 ade·

653 1852 715 1920 mit,
737 1860 768 1907 nt
794 1849 927 1909 filiastra
951 1852 1099 1923 Plautilla,
1120 1868 1209 1929 quam

654 1930 801 1990 Antonino
834 1931 994 1990 Caracalla·
1036 1932 1209 2010 despondere

653 2016 783 2090 parabat,
805 2012 927 2071 musicos
951 2012 1080 2091 aliosque
1103 2012 1215 2071 artium·

654 2093 802 2169 magistros
816 2095 964 2151 eunuc-bas
977 2094 1102 2152 haberet.
1130 2094 1210 2171 Dio,

655 2192 757 2232 cxxv.
772 2192 799 2250 p.
816 2179 885 2239 857.
921 2175 1041 2232 Manent
1054 2175 1151 2243 adhuc
1165 2176 1209 2233 vel

654 2255 684 2313 in
696 2252 754 2313 laic
769 2266 928 2316 neutrorum
952 2268 1112 2332 temporum
1136 2256 1212 2333 obpi-

654 2336 732 2394 entia
740 2346 767 2392 et
779 2334 912 2409 religione
919 2335 981 2411 ejus
992 2334 1058 2393 mali
1071 2334 1210 2412 reliquiae.

657 2417 787 2475 Eaatnm
801 2424 842 2471 est
856 2415 992 2488 dulcibus
1007 2416 1081 2474 vitiis
1096 2426 1208 2486 tratura,

657 2507 689 2556 ut
700 2515 811 2573 semper
824 2509 963 2568 vetentur,
983 2515 1094 2576 semper
1111 2497 1212 2556 retine·

655 2590 752 2636 oritur.
1173 2615 1177 2628 ·

697 2659 743 2716 De
756 2659 883 2717 maribus
895 2667 992 2717 autem
1006 2657 1210 2718 eunuchorum

655 2741 730 2798 idem
745 2751 787 2797 est
804 2759 888 2818 penes
902 2739 1031 2798 Sinenses
1051 2741 1212 2820 scriptores,

656 2822 733 2898 quod
757 2821 835 2899 apud
858 2830 967 2879 ceteros
982 2820 1115 2898 populos,
1132 2821 1213 2898 judi·

655 2903 745 2960 cium.
787 2901 975 2960 Consentiunt
994 2921 1091 2959 omnes
1105 2902 1140 2960 iis
1153 2903 1213 2981 plo·

656 3001 779 3058 rumque
791 2997 899 3041 cuneta
913 3001 971 3040 asse
984 2985 1135 3060 uniusque
1149 3003 1215 3042 sex·

657 3060 690 3120 ila
705 3063 785 3133 vitia,
807 3065 914 3121 nullam
938 3063 1104 3122 alterutrius
1124 3063 1215 3123 virtu·

656 3156 724 3200 tern.
768 3149 807 3202 At
820 3145 889 3201 cim
902 3163 1060 3220 numquam
1076 3157 1156 3204 tanta
1176 3144 1214 3204 sit

657 3223 804 3282 bominum
821 3224 952 3302 pravitas,
974 3226 1007 3281 ul
1028 3243 1137 3302 paucos
1158 3223 1214 3283 sal·

656 3316 714 3362 tem
734 3305 864 3364 honestas
884 3323 949 3390 non,
962 3305 1090 3374 retineat,
1112 3305 1216 3384 reperi·

658 3393 747 3444 untur
764 3385 939 3462 quandbquo
951 3387 1078 3444 eunuchi
1092 3387 1143 3462 qui
1152 3387 1213 3444 uir-

658 3467 770 3524 tutibus
784 3467 960 3540 pnocellant.
993 3467 1053 3524 llos
1067 3468 1141 3524 inter
1153 3487 1214 3526 mos

658 3558 700 3603 est
719 3547 830 3622 regibus
844 3548 969 3606 Orientis
990 3547 1121 3625 deligere,
1142 3567 1216 3626 quos

658 3627 712 3684 sibi
727 3630 844 3686 comites
855 3629 982 3686 assiduos
994 3629 1090 3687 adesse
1100 3631 1216 3706 jubent.

658 3707 743 3765 Tales
766 3719 832 3766 sunt
855 3710 933 3787 apud
954 3709 1153 3788 imperatorem
1170 3711 1214 3768 Si-

660 3807 772 3845 nensem
796 3789 846 3866 qui
862 3791 890 3848 Y
889 3811 908 3848 a
927 3789 1003 3849 Kien
1024 3791 1218 3868 appellantur,
1308 3847 1311 3861 ,

662 3871 691 3927 id
712 3881 762 3934 est,
785 3871 901 3928 eutrandi
920 3871 1114 3948 &conspectm
1137 3871 1217 3950 quad

662 3950 845 4028 beonspeetu
860 3951 998 4026 Principis
1008 3971 1064 4009 non
1073 3953 1217 4011 recedant.

662 4031 747 4089 Tales
761 4045 867 4110 septtan
878 4032 963 4089 fuisse
973 4035 1050 4110 apud
1062 4037 1220 4092 Assuerum

664 4113 843 4172 manifestum
865 4123 907 4170 est
926 4131 962 4169 err
982 4113 1056 4172 libro
1070 4113 1182 4182 Esther.
1198 4131 1220 4172 1.

668 4199 715 4250 11.
754 4195 790 4252 ‘ln
810 4193 969 4250 ministeriis
983 4206 1080 4254 autam
1100 4193 1223 4274 impera·

665 4275 736 4333 toris
763 4273 886 4337 Sinensis
918 4275 1005 4352 vulgd
1035 4285 1223 4334 numerantur

665 4355 767 4414 decern
796 4353 888 4412 millia
912 4357 1127 4428 eunuchorum,
1159 4367 1223 4415 turn

665 4441 751 4513 penes
785 4437 995 4512 imperatorem,
1039 4449 1102 4496 turn
1138 4455 1227 4516 penes
