2859 4950
299 308 359 373 AD
379 306 517 370 vl't‘sM
537 307 606 369 CN.
625 305 711 370 JUL.
731 306 965 369 AGRICOLAE.
1152 314 1215 385 599

92 460 197 531 Car».
219 471 273 531 24
297 460 388 529 Nove
408 460 512 550 priard
536 472 750 549 transgressus.
795 458 845 525 Ita
859 459 929 525 libri
943 482 1061 527 omnes.
1099 460 1216 529 Emen-

45 578 152 641 dabat
167 574 288 640 illustr.
303 573 450 655 Hostius,
463 573 595 640 nanae
608 584 675 639 tum
688 571 826 658 primalm
846 582 1056 659 transgressus.
1099 572 1216 641 Tentat

48 709 189 773 qnoque
205 684 257 751 Cl.
269 687 309 751 de
323 684 353 751 la
367 684 513 767 Bletcrie,
524 684 627 773 gnavi
642 694 855 771 transgressus.
898 685 945 747 At
958 706 1020 747 non
1034 684 1216 751 crediderim

49 796 136 863 banc
152 819 228 863 esse
243 796 346 863 Taciti
359 808 492 862 mentem
504 795 663 877 stylumre.
707 793 742 859 N
745 816 780 859 ec
801 795 879 859 forte
898 793 969 859 satis
984 811 1074 859 certas
1097 794 1218 863 Latini-

48 908 141 988 tatis,
170 906 286 996 gnavi.
338 907 459 992 Aperta
488 906 563 971 mihi
595 906 713 971 ridetur
740 904 843 971 Taciti
871 905 1013 970 narratio.
1058 906 1220 990 Agricola,

50 1017 229 1085 summotis
251 1017 331 1083 ultra
353 1016 479 1083 Clotam
501 1034 534 1083 et
564 1018 758 1095 Bodotriam,
788 1015 872 1081 velut
899 1016 931 1081 in
959 1014 1049 1083 aliam
1075 1016 1218 1097 insulam,

51 1129 217 1207 hostibus,
231 1142 495 1215 transgressorem
510 1128 635 1193 Clotam
650 1116 837 1207 astuariu'm,
852 1128 903 1193 tlte
919 1126 1057 1215 Gulfof
1064 1127 1218 1196 Dinon·

53 1252 123 1320 tort,
140 1264 236 1317 nave,
250 1238 463 1305 Romanarum
477 1240 615 1305 omniurn
631 1240 745 1318 primii,
758 1262 828 1325 quae
842 1262 910 1303 oras
923 1238 991 1303 illas
1006 1254 1140 1307 scrunn
1149 1253 1218 1306 est:

52 1374 197 1437 amque
214 1350 380 1416 Britannia
395 1365 524 1436 partem,
538 1374 607 1437 quae
629 1350 814 1415 Hiberniam
833 1349 954 1435 aspicit,
969 1332 1081 1435 rrempe
1096 1358 1220 1435 provin-
1281 1375 1288 1384 ·

53 1463 121 1529 cias
139 1460 287 1541 Contire,
304 1460 433 1541 Currilr,
446 1460 624 1549 Gallowny,
643 1460 760 1549 Wiglt,
774 1462 825 1537 dfe.
840 1462 940 1546 copiis
954 1461 1103 1525 instruxit.
1132 1462 1219 1527 Bend

53 1574 151 1639 vertit
167 1572 225 1637 Cl.
240 1575 383 1653 Gordon,
406 1581 427 1613 “
443 1572 481 1637 ln
495 1574 547 1637 the
562 1572 631 1637 finh
645 1595 716 1654 year
736 1574 773 1635 of
784 1573 834 1637 the
849 1596 922 1653 war,
938 1572 1083 1656 Agricola
1098 1572 1221 1658 passing

53 1687 109 1752 the
125 1684 233 1762 Fritlr,
245 1683 372 1749 himself
380 1684 412 1749 in
421 1684 472 1748 the
485 1684 552 1749 first
565 1684 633 1767 sirip
647 1684 713 1749 tlrat
726 1682 847 1762 landed,
861 1684 890 1747 in
906 1707 996 1766 many
1010 1686 1069 1747 arrd
1084 1706 1222 1749 success·
1341 1714 1344 1721 ·

53 1795 102 1859 ful
123 1809 316 1860 encounters
330 1796 469 1859 subdued
490 1794 608 1859 nations
623 1794 667 1858 till
684 1795 748 1859 that
767 1794 841 1859 time
857 1799 1022 1874 unknown,
1037 1796 1095 1860 and
1111 1794 1222 1881 placed

58 1910 165 1975 forces
189 1907 224 1972 in
248 1906 314 1971 tlrat
336 1919 405 1991 part
426 1907 464 1971 ol
484 1904 604 1970 Britain
625 1905 726 1969 which
756 1907 853 1969 fronto
878 1903 1007 1986 lreland,
1031 1930 1117 1971 more
1140 1909 1221 1973 from

61 2022 170 2087 future
184 2004 368 2083 viewstlran
382 2021 464 2083 from
478 2040 537 2100 any
553 2032 675 2102 present
689 2016 784 2081 sear.''
828 2018 969 2101 Murplry
990 2042 1125 2105 quoque,
1147 2026 1169 2059 “
1183 2018 1225 2087 In

63 2131 118 2195 the
145 2130 220 2194 fifth
248 2152 383 2194 summer
415 2128 562 2213 Agricola
592 2130 681 2191 made
709 2151 747 2192 an
778 2128 954 2213 expedition
992 2132 1031 2213 by
1061 2154 1122 2195 soa.
1168 2130 1226 2199 Hs

64 2242 239 2307 emberked
253 2240 284 2305 in
296 2242 348 2305 the
361 2239 427 2305 first
448 2239 571 2305 Roman
586 2238 682 2305 vessel
702 2240 767 2305 that
780 2264 850 2305 ever
866 2241 988 2305 crossed
1009 2241 1060 2303 the
1076 2254 1225 2325 estunam
1317 2308 1319 2313 .

64 2354 137 2432 and,
151 2352 267 2434 having
286 2354 465 2436 penetrated
488 2350 552 2415 into
567 2352 685 2435 regions
699 2350 744 2415 till
760 2354 831 2416 then
848 2356 1009 2433 unknown,
1025 2350 1064 2415 he
1083 2352 1226 2417 defeated

68 2464 121 2530 the
136 2460 323 2528 inhabitants
345 2462 377 2526 in
392 2460 507 2528 several
522 2469 747 2547 engagements,
762 2464 822 2526 and
844 2460 924 2528 lined
947 2463 998 2528 the
1012 2477 1107 2542 coast,
1123 2462 1225 2528 witich

67 2575 125 2642 lies
139 2574 290 2661 opposite
304 2590 337 2640 to
358 2572 490 2654 Ireland,
504 2574 578 2639 with
592 2599 611 2639 a
626 2576 707 2656 body
722 2576 759 2640 os
770 2589 892 2659 troops:
915 2588 1018 2640 notro
1034 2575 1129 2642 much
1143 2578 1225 2646 from

69 2685 346 2772 anapprehension
360 2687 398 2750 of
407 2686 534 2770 danger,
547 2709 580 2750 as
594 2685 667 2750 with
682 2709 700 2749 a
712 2685 787 2750 view
803 2700 835 2750 to
850 2689 952 2750 future
963 2687 1129 2774 projects.”

117 2798 162 2864 In
175 2819 270 2884 spem
314 2795 446 2880 Optime
465 2797 594 2861 dictum.
639 2797 762 2862 Frustra
778 2809 873 2862 tentat
889 2796 1024 2883 Lipsius,
1038 2799 1073 2864 in
1086 2799 1226 2886 specim,

71 2908 103 2976 id
118 2926 177 2989 est,
194 2911 234 2974 ad
248 2907 440 2973 ostentandas
453 2907 539 2972 vires.
560 2907 641 2971 Vide
656 2907 752 2971 Mire.
769 2907 849 2973 Obs.
867 2931 918 2973 rx.
933 2911 1007 2974 361.

117 3019 303 3107 Differam:
323 3017 432 3084 melida
456 3019 570 3084 aditus.
613 3015 664 3082 Ita
683 3019 850 3082 Rhenanus
870 3032 900 3084 et
922 3021 1116 3088 recentiores.
1161 3023 1227 3089 Pro

72 3131 196 3214 melitis,
213 3131 378 3198 Rhenanus
391 3143 423 3196 et
438 3129 592 3196 Danaeius
606 3127 734 3196 mallent
744 3131 820 3217 pris,
834 3153 944 3215 nempe
958 3131 1074 3198 iusulae.
1111 3133 1228 3200 Emen-

76 3247 173 3310 dabat
192 3242 347 3323 Muretus,
361 3239 508 3327 differunt
521 3243 556 3307 in
569 3242 685 3308 meliro.
731 3241 858 3308 Aditus.
902 3240 942 3306 ln
956 3241 1058 3308 MSS.
1079 3243 1182 3312 Vatis.
1196 3261 1229 3312 et

76 3354 267 3422 editionibus
279 3353 440 3431 veteribus,
452 3352 576 3438 differt:
597 3354 632 3418 in
645 3343 752 3418 melius
765 3352 877 3420 aditus.
921 3352 971 3418 Ac
988 3355 1068 3420 forte
1083 3355 1156 3422 nihil
1170 3359 1228 3424 fuit

75 3467 272 3532 mutandum.
318 3465 384 3530 Hie
412 3465 494 3529 enim
515 3463 668 3549 eleganter
694 3478 869 3550 usurpatur,
893 3463 1006 3550 differt.
1054 3466 1095 3532 Iu
1122 3468 1229 3540 melitis

78 3576 142 3642 dici
156 3598 281 3663 quoque
299 3575 410 3659 potuit,
432 3577 470 3640 ed
492 3575 686 3662 potissimum
708 3589 808 3658 etate,
830 3575 894 3663 qui
912 3577 1088 3664 praepositio
1108 3580 1142 3645 in
1164 3595 1230 3647 erat

81 3685 250 3766 familiari-r,
273 3699 308 3752 ut
322 3687 356 3750 in
379 3696 512 3766 tuntum,
535 3687 569 3751 in
590 3699 753 3774 quantum.
796 3686 869 3754 Nec
894 3685 957 3753 ferd
979 3686 1068 3754 aliter
1089 3691 1229 3774 Tacitus,

81 3797 198 3863 Annal.
209 3819 287 3862 xiv.
297 3805 350 3869 39.
363 3803 384 3839 “
394 3797 517 3863 Cuncta
530 3810 631 3864 tamen
641 3801 681 3864 ad
692 3797 917 3885 Imperatorem
929 3799 960 3864 iu
971 3797 1096 3866 mollius
1107 3801 1230 3870 relata?

127 4025 220 4090 Car⁴
233 4034 286 4090 95.
309 4021 478 4110 Amplexus
491 4025 641 4092 civitates.
683 4023 735 4091 lta
748 4023 826 4092 MS.
837 4024 940 4092 Vatic.
951 4035 1047 4103 stan.
1060 4040 1093 4099 ct
1108 4031 1231 4117 quidem

81 4133 215 4217 optimi.
274 4134 441 4220 Perperam
476 4136 508 4200 in
536 4137 688 4202 veteribus
716 4151 749 4204 et
784 4138 1002 4204 recentioribus
1037 4141 1232 4224 editionibus,

83 4243 206 4330 amplus
218 4247 366 4316 civitates.
410 4244 449 4312 ln
464 4248 589 4330 mediis,
607 4247 712 4336 ampld
725 4249 1007 4318 civitatem-siti.
1052 4251 1232 4322 Gronovius

82 4357 279 4444 emendabat,
300 4356 410 4455 ample
432 4358 726 4432 civitam-urire„
771 4360 949 4446 Rhenanus,
971 4378 1005 4429 ut
1025 4364 1147 4454 vulgata
1162 4369 1232 4434 reti·
