2859 4950
57 309 186 372 acm.
363 307 475 368 unm
497 305 644 391 Quium
665 301 906 371 austerum.
1143 317 1205 385 m
1248 281 1266 380 ζ

54 462 150 540 luxd's
164 489 204 539 ac
221 461 356 554 virtutis
370 480 696 564 temperamentum,
710 482 746 540 et
759 465 894 540 nullam
908 463 999 542 inter
1010 466 1197 561 ,acerrimas

53 607 142 658 curas
153 579 386 678 occupationis
402 579 666 656 ostentationem
681 579 968 679 acceptissimum,
991 585 1197 663 secretioris·

54 723 111 796 que
141 695 277 794 imperii
309 695 345 770 in
378 693 487 770 Urbis
519 683 728 794 praefectur&
759 697 972 797 participem,
1012 699 1197 802 vigilantia

53 814 224 886 admonet:
252 811 402 888 consulis
418 810 603 909 colloquia,
628 817 826 888 senatorum
837 815 1015 914 obsequia,
1040 818 1199 916 equiturn

52 947 130 1020 tota,
147 929 277 1027 ‘populi
302 927 453 1017 dicteria,
477 952 635 1004 rumores
652 955 773 1004 omnes
789 929 881 1006 clam
899 931 1064 1029 anquirit,
1087 931 1198 1010 offen·

52 1046 174 1120 sionum
198 1044 393 1144 negligens,
424 1060 464 1117 ut
491 1043 609 1140 plures
637 1043 839 1120 futurorum
867 1040 1053 1122 exitiorum
1076 1074 1196 1127 causas

52 1163 180 1236 habeat:
207 1161 353 1260 ipseque
364 1185 491 1234 novam
504 1160 752 1260 obsequiorum
763 1160 941 1238 materiem
953 1163 1061 1253 addit,
1085 1165 1196 1242 misus

52 1280 86 1350 ad
94 1297 248 1353 senatum
259 1275 377 1368 literis,
387 1276 513 1376 quibus
530 1281 555 1321 ‘⁶
566 1275 678 1376 Sejani
690 1277 799 1352 fidem
811 1280 1006 1377 curasque'’
1017 1303 1195 1357 commen·
1265 1286 1268 1290 ’

52 1396 117 1487 dat;
142 1413 177 1468 et
204 1403 231 1438 ‘⁴
249 1407 332 1467 eum
356 1389 525 1492 insignem
549 1391 792 1493 principalium
817 1417 965 1470 onerum
986 1395 1194 1496 adjutorem,

53 1515 72 1552 “
91 1509 218 1610 imperii
235 1509 384 1599 socium,
409 1511 572 1609 sejanum
587 1510 716 1584 suum'’
734 1507 907 1608 appellat.¹

91 1757 144 1821 26.
168 1749 349 1838 consur,
366 1763 405 1821 ut
421 1745 617 1821 truculento
633 1743 783 1845 rmcipt
798 1762 913 1848 grates
927 1763 1007 1848 agn
1021 1744 1194 1825 mcertum

54 1885 86 1934 an
100 1881 133 1936 ut
147 1863 340 1941 simultates
356 1860 468 1952 iaciat,
493 1862 661 1962 primores
675 1863 727 1944 illi
741 1863 868 1956 invisos
879 1864 1033 1962 corripit,
1058 1865 1194 1958 etlfictis

53 1978 231 2054 crininibus
249 1981 428 2062 danmatos
445 1977 614 2054 interficit.
646 1981 723 2052 Hos
737 1978 827 2054 inter
845 1979 1029 2054 Geminius
1046 1979 1193 2072 Rufus,l

54 2095 212 2194 majestatis
228 2095 436 2195 postulatus,
461 2113 618 2169 senatum
634 2092 728 2188 adiit,
753 2111 801 2185 et,
825 2113 865 2170 ut
883 2095 1059 2171 Caesarem
1075 2095 1198 2199 liberis

52 2208 106 2284 tuis
127 2212 331 2310 placabilem
357 2212 530 2302 redderet,
555 2228 798 2287 testamentum
812 2210 979 2304 recitarit,
1004 2237 1077 2312 quo
1093 2237 1190 2304 eum,
1234 2216 1237 2222 ’
1292 2211 1308 2236 ”

53 2326 154 2420 partiti
179 2329 384 2420 hereditate,
409 2328 524 2404 liberis
549 2330 765 2427 exaequabat.
815 2327 857 2401 ld
875 2327 970 2402 haud
990 2327 1070 2402 satis
1095 2327 1194 2403 uirile

54 2438 207 2521 habitum:
235 2445 384 2520 domum
400 2442 527 2544 itaque,
543 2443 612 2519 lati
628 2445 787 2521 nondum
801 2441 982 2535 sententii,
1001 2466 1192 2543 regressus,
1236 2524 1246 2541 ,

53 2571 77 2628 et
90 2578 306 2657 questorem,
331 2586 502 2662 suprema:
518 2558 724 2637 necessitatis
739 2557 914 2648 nuntium,
939 2576 1117 2658 oppertus,
1130 2558 1191 2633 ubi
1279 2564 1285 2574 ‘
1321 2645 1324 2653 ,

52 2693 116 2749 eum
129 2678 223 2771 vidit,
242 2678 399 2778 gladium
415 2670 529 2755 suain
543 2676 672 2752 viscera
689 2674 838 2767 direxit3
864 2675 1062 2773 vulnusque
1077 2665 1190 2748 ostem

52 2784 130 2901 dens,
163 2801 189 2840 “
207 2792 361 2885 Refer,”
396 2794 454 2885 ait,
489 2800 515 2843 “
531 2791 675 2883 senatui,
713 2790 762 2869 sic
794 2790 909 2867 virum
941 2790 1190 2865 occumbere.’'
1220 2874 1232 2893 ,

51 2898 153 2983 Publia
175 2911 310 3001 Prisca,
334 2911 497 2987 maritum
524 2907 730 2987 emulatur:
756 2907 793 2983 in
817 2911 875 3007 jus
899 2924 1034 2996 vocata,
1057 2906 1191 2982 curiam

52 3020 146 3115 renit3
186 3026 319 3125 ibique,
355 3024 519 3133 ptpgione,
545 3048 663 3126 quem
695 3024 773 3101 sinu
806 3024 1018 3113 occuluerat,
1053 3024 1189 3111 adacto,

53 3154 168 3216 mortua
182 3142 327 3220 corruit.

89 3346 140 3417 27.
166 3344 353 3419 setinum
381 3360 432 3421 tot
458 3342 636 3420 funenbus
666 3332 889 3448 dominationi
920 3338 1111 3415 inhiantem
1141 3338 1188 3411 ad

52 3467 171 3551 mgnfls
198 3485 279 3563 spes
312 3486 394 3537 casu
418 3486 472 3539 an,
489 3458 632 3537 consilio
659 3477 781 3561 patres
801 3480 966 3532 erexere:
992 3458 1066 3555 eJ'us
1080 3454 1190 3529 'enirn

53 3556 149 3667 lavore
164 3590 198 3649 et
215 3577 364 3653 Caesaris
388 3577 493 3653 literis
519 3572 680 3678 permoti,
705 3576 790 3675 quid
815 3598 992 3648 summum
1013 3572 1050 3646 in
1070 3568 1189 3673 adula·
1257 3569 1260 3574 ⁴

53 3675 126 3758 tione
161 3676 308 3791 valeant,
350 3696 555 3771 consultant.
606 3692 731 3769 Visum
773 3698 798 3735 “
811 3689 1084 3790 praecellentem,
1125 3686 1187 3759 sed

54 3796 73 3835 “
91 3798 236 3901 brevem,
249 3824 323 3887 esse'
334 3811 536 3891 consulatils
551 3809 774 3913 dignitatemr
791 3806 1082 3885 consultissimum
1096 3799 1188 3892 fore,
1270 3848 1273 3855 ·

71 4024 93 4111 ,¹
112 4032 237 4113 sejanum
259 4064 338 4105 maun
358 4044 491 4123 appellnt.
533 4047 578 4105 De
634 4046 738 4122 Neque
761 4039 913 4104 Geminius
934 4038 984 4100 ille
1006 4036 1190 4099 confunden·

56 4098 88 4241 21}
89 4114 208 4263 gillique
222 4125 352 4266 plurppnit
368 4126 437 4201 Dio,
452 4146 526 4205 saepe
539 4128 580 4187 ci·
632 4128 686 4266 qus
704 4145 773 4263 qum
787 4118 1183 4263 quriuiqhqlsqsquqadsitcgllpsr

85 4261 171 4363 ’,Ηοσ
184 4219 276 4347 biiii
304 4214 448 4349 {iminica
476 4286 581 4367 Rtfitr·
634 4224 843 4366 qriinsauppiicis
855 4246 998 4357 curarent,
1018 4223 1116 4338 iiiultis
1133 4239 1186 4333 er1
1272 4289 1276 4298 ’

58 4340 400 4427 Quintillufietpubliae
415 4368 583 4428 Priscaeex·
634 4366 736 4447 emplis
769 4373 958 4443 compertum.
1003 4360 1081 4422 Vide
1110 4356 1184 4417 infra
1276 4380 1280 4386 v

59 4430 116 4491 dun
136 4456 227 4507 namet
253 4449 321 4521 Dio,
346 4449 405 4509 loc.
423 4468 509 4528 supra
533 4448 582 4509 cit.
638 4447 892 4511 Annulxrndb
1306 4441 1315 4455 “
