2859 4950
247 320 313 389 638
570 324 697 387 NOTAE
720 324 772 389 ET
792 324 1125 389 EMENDATIONES

172 520 178 543 .
251 476 327 544 facit
350 480 416 567 ejus
439 498 593 558 nummus,
627 476 737 545 IMP.
772 478 949 547 NERVA
980 480 1124 547 CAES.
1146 476 1251 547 AvG.
1274 478 1366 543 nn.

249 588 330 655 ΤΒ.
353 589 394 655 Ρ.
417 589 525 655 (308.
549 587 600 655 ll.
623 589 662 656 P.
679 591 719 657 P.
749 588 1020 678 lnavorsdpartc,
1043 588 1366 659 CONGIARIVM

251 699 331 767 PR.
363 699 434 767 SC.
466 700 498 765 id
528 716 586 780 eat,
616 702 823 793 ‘congiarium
849 705 996 789 primum,
1027 700 1290 769 senatusconsulto.
1324 699 1369 765 Vel

247 813 392 892 moliens,
413 813 568 899 egregiam
590 812 778 879 voluntatem
799 826 925 879 testatus
947 832 1011 897 cst;
1036 828 1067 883 ct
1077 814 1289 905 funeraticun
1305 810 1368 897 pleli

253 920 386 989 Urbana
399 925 537 990 imtituit
550 923 692 989 denarios
705 948 866 1015 sexagenos
889 926 976 991 binos
1000 948 1070 993 cum
1090 928 1218 1005 semisse,
1239 921 1370 1013 Anglst.

254 1045 295 1101 la.
309 1035 364 1101 «ld.
388 1058 460 1099 cum
484 1034 604 1099 assibus
628 1034 758 1121 aliquot.
803 1036 885 1101 Haec
908 1051 1010 1103 autem
1035 1038 1066 1101 in
1087 1038 1152 1125 ejus
1178 1038 1281 1101 funere
1302 1035 1371 1099 bisse

247 1146 328 1226 data,
350 1166 412 1211 aon
427 1148 499 1211 aeid
513 1146 638 1231 singulis
652 1148 911 1214 annis‘emonuali
925 1149 974 1213 die
988 1146 1142 1229 solvenda,
1163 1146 1342 1215 ciediderim.

289 1364 550 1445 TRAJANUS,
572 1392 610 1433 en
627 1368 783 1455 Hispanid
799 1370 956 1451 oriundus,
971 1369 1089 1459 primus
1102 1386 1287 1451 exterorum,
1299 1370 1374 1453 impc-

246 1479 293 1544 rio
318 1480 464 1545 Romano
487 1480 604 1567 potitus
628 1494 685 1546 est.
731 1480 783 1546 Ne
809 1481 1023 1547 Romanorum
1055 1482 1241 1569 Principum
1266 1492 1373 1547 malunt

243 1592 440 1673 desiderium,
452 1592 568 1677 priores
579 1592 720 1658 dominos
731 1592 802 1657 vicit
812 1595 965 1659 donorum
977 1594 1187 1679 magnitudine
1199 1622 1208 1675 ;
1226 1592 1371 1681 congiaria·

244 1727 305 1789 que
320 1675 403 1769 dedit
418 1726 555 1769 nummos
567 1726 731 1793 sexagenos
745 1705 985 1793 quinquagenos,
1009 1705 1110 1795 Angl.
1126 1704 1169 1771 5l.
1185 1714 1232 1773 es.
1246 1704 1295 1773 ld.
1316 1702 1372 1767 MS.

245 1814 422 1879 Vindoboa.
469 1814 546 1879 Noli
560 1827 660 1879 tannen
675 1815 846 1881 existimare
860 1818 926 1883 lnec
941 1818 1013 1881 data
1023 1816 1117 1881 luisse
1128 1816 1223 1882 unico
1235 1814 1372 1901 congiario

244 1926 354 1991 Nimia
367 1930 448 1991 toret
461 1948 592 1991 summa.
639 1926 794 1991 Praetered
819 1926 850 1993 in
872 1928 937 2015 ejus
963 1926 1175 1993 nummis'tria
1191 1938 1373 1993 memorantur
1402 1912 1403 1923 ἵ

244 2036 410 2121 congiaria.
455 2036 606 2117 Primum,
639 2036 740 2122 prilno
764 2040 831 2126 ejus
852 2037 971 2123 imperii
995 2039 1038 2104 A.
1054 2038 1096 2103 U.
1110 2036 1149 2103 C.
1172 2048 1249 2105 851.
1269 2040 1372 2103 damn:

244 2144 359 2213 lMP.
401 2148 550 2214 CAES.
598 2149 774 2215 NERVA
814 2146 1033 2217 TRAIAN.
1070 2149 1187 2215 AVG.
1233 2148 1372 2216 GERll.

246 2258 287 2325 P.
302 2258 356 2325 M.
381 2259 461 2325 ΤΗ.
489 2261 528 2325 Ρ.
557 2261 660 2345 capite
684 2262 832 2326 laaueato.
879 2260 915 2326 lu
942 2262 1060 2346 postici
1082 2276 1181 2349 parte,
1215 2262 1317 2329 COS.
1338 2258 1372 2323 ll.

246 2370 286 2439 P.
313 2372 353 2437 P.
388 2371 548 2439 CONG.
587 2372 664 2437 PR.
690 2373 800 2451 idest,
832 2372 938 2439 consul
959 2374 1133 2455 sccnnddm,
1160 2385 1258 2461 pater
1274 2372 1374 2463 patria,

243 2485 437 2574 coligiairum
449 2487 606 2572 primum.
651 2485 737 2550 Infra
766 2485 836 2552 SC.
869 2485 900 2550 id
923 2500 980 2567 est,
1001 2485 1270 2552 senatusconsulto.
1310 2485 1375 2550 Istud

243 2611 292 2664 est
304 2598 505 2684 congiarium,
526 2597 611 2684 quod
632 2597 777 2662 maximis
799 2597 940 2662 laudibus
962 2597 1070 2662 extulit
1098 2598 1219 2663 Plinius
1242 2599 1273 2662 in
1296 2597 1375 2663 Pane·

243 2709 340 2795 gyrio.
362 2733 434 2796 cap.
456 2720 510 2776 25.
533 2710 586 2774 26.
611 2717 653 2780 27
678 2724 711 2774 et
735 2717 788 2774 88.
811 2709 869 2773 lnic
891 2711 929 2772 de
949 2733 981 2774 cc
1000 2709 1126 2790 omnino
1140 2709 1297 2794 legendus,
1315 2720 1344 2772 at
1353 2719 1375 2770 et

243 2821 470 2906 congiariorum
493 2821 572 2886 ratio
599 2833 814 2906 cognoscatur,
845 2835 877 2884 et
902 2819 1087 2906 intelligatur
1109 2823 1261 2907 quantbm
1285 2818 1375 2886 caverit

244 2931 395 3017 Princeps
407 2931 555 3017 optimus,
576 2955 615 2998 ne
628 2933 696 3018 quis
710 2931 901 2996 liberalitatis
916 2955 977 3014 suae
1000 2955 1109 3017 expers
1124 2933 1225 2998 lieret.
1271 2918 1376 3008 Poulei,

242 3045 316 3110 calm
342 3041 448 3110 consul
473 3041 580 3108 luisset
603 3043 755 3130 quintium,
788 3046 850 3130 duo
871 3041 930 3108 ulia
952 3043 1037 3107 dedit
1059 3044 1227 3129 congiaria.
1271 3043 1307 3109 lu
1326 3043 1374 3128 ejus

240 3153 385 3234 nummis,
408 3153 518 3220 COS.
540 3153 581 3220 V.
604 3153 808 3220 CONGIA
821 3153 952 3220 RlvM
977 3151 1205 3222 SECVND.
1229 3171 1261 3222 et
1285 3154 1374 3221 COS.

242 3266 285 3332 V.
322 3265 672 3333 CONGIARIVM
708 3265 970 3332 TERTIVM.
1014 3265 1068 3332 Ne
1104 3281 1206 3332 tamen
1243 3265 1373 3333 existimes

242 3379 353 3444 eodem
368 3401 449 3442 utino
463 3379 543 3442 data.
589 3378 674 3442 Nam
689 3377 767 3442 inter
782 3377 922 3464 quintum
942 3394 973 3442 et
998 3391 1118 3442 sextum
1143 3377 1374 3466 'l'rnjauiconsu-

242 3487 340 3554 latum
355 3511 467 3554 novem
480 3489 550 3554 asisii
566 3489 772 3554 intercessere.
818 3489 975 3554 Nummos
989 3489 1057 3552 vide
1082 3491 1163 3574 apud
1188 3489 1372 3559 Haeduinun,

242 3601 318 3667 ibid.
347 3625 379 3690 p.
403 3607 472 3690 74⁷.
492 3614 525 3667 et
547 3625 611 3686 seq.
654 3603 708 3664 Ad
733 3600 864 3686 primuni
886 3599 1014 3686 Trajani
1039 3601 1229 3686 congiaritnn
1244 3601 1372 3686 pertinere

239 3711 316 3778 mihi
339 3711 458 3778 videtur
481 3711 704 3798 elegantissima
730 3711 905 3799 Inscriptio,
936 3736 1002 3798 quae
1028 3713 1203 3776 adservatur
1229 3707 1372 3776 Romaiu

242 3821 361 3893 Museo
375 3822 510 3911 collegii
526 3823 670 3903 Romani,
692 3847 847 3912 quamque
870 3821 1035 3912 Philippus
1061 3823 1203 3890 Bonmmi
1226 3819 1373 3889 exhibetis

241 3943 262 3976 ‘⁴
279 3935 397 4008 Museo
409 3934 642 4015 Kircheriano‚”
664 3959 697 4022 p.
718 3944 787 4002 108.

272 4267 468 4324 miuus
479 4269 547 4336 Imp.
558 4284 617 4322 aaa.
634 4283 698 4320 xix.
709 4286 745 4320 nn
757 4283 815 4320 uin
828 4270 853 4320 d.
867 4283 956 4322 xxvix.
971 4259 1054 4334 cong.
1063 4269 1138 4332 dedit
1150 4281 1233 4320 anca.
1250 4265 1307 4317 Hoc
1317 4261 1368 4326 lup.

241 4365 361 4418 mulieres
371 4367 398 4418 in
408 4366 508 4420 nerui·
516 4367 633 4434 anjma
643 4368 759 4419 laverunt
771 4379 822 4419 vu.
835 4365 895 4419 Idus
906 4335 1017 4420 Julian·
1033 4365 1151 4417 Excessit
1161 4363 1291 4416 Slkaamti.
