2859 4950
1121 264 1127 299 l

490 359 747 444 (statuamus.¹
1144 364 1184 425 77

62 523 81 558 “
100 531 194 613 atque
218 530 313 587 artius
337 510 492 587 ferarum
517 540 640 613 gerere
654 514 693 587 :”
720 511 816 611 quod
832 535 912 611 ego,
939 526 977 583 ut
993 508 1184 611 incomper-

62 649 134 719 tam,
155 630 192 705 in
209 630 365 703 medium
381 630 600 728 relinquam.¹

68 878 238 936 hominitari
252 896 337 937 sonos
349 878 524 950 femrum,ut
532 890 587 939 ter·
641 899 705 937 rum
728 878 811 945 vices,
833 898 923 937 mores
944 878 1016 947 illos,
1036 878 1100 935 illos
1119 896 1187 937 usus

70 974 125 1015 tant
134 973 159 1016 et
171 959 286 1017 fallant.
314 959 387 1017 Vide
402 958 435 1016 P.
448 960 482 1016 de
496 960 586 1017 Char·
640 960 752 1017 tamdiu
766 961 915 1029 retinuere,
927 958 1073 1035 ¹hodieque
1084 957 1186 1035 magud

69 1037 144 1108 louis,
177 1039 313 1098 Histoire
345 1048 373 1097 el
404 1038 585 1116 Descriptiou
640 1038 1188 1117 expecteretinentimmensaeetdiversae

64 1118 166 1193 ,seruc
190 1122 225 1178 de
258 1121 289 1178 lo
319 1121 445 1179 nouvelle
469 1118 586 1179 Furore.
641 1121 859 1192 Germanorum,
881 1120 1065 1191 Francorum,
1080 1120 1186 1196 Anglo-

66 1198 113 1255 lib.
125 1218 145 1257 1.
156 1222 184 1278 p.
200 1194 281 1259 16et
293 1220 351 1279 seq.
472 1238 475 1243 -
639 1219 703 1259 rum
726 1208 838 1279 gentes?
880 1200 1033 1277 Quotquot
1054 1201 1184 1272 vivimus,

342 1280 345 1286 ’
640 1290 668 1338 et
690 1282 805 1339 annales
828 1292 944 1351 nostros,
972 1290 1078 1338 nostras
1100 1280 1182 1357 leges,

93 1355 154 1415 'Iu
170 1362 288 1419 modim
307 1361 470 1437 relinquam.
510 1360 587 1417 Bene
637 1374 745 1419 nostros
769 1382 836 1420 usus
856 1364 994 1441 novimus,
1015 1361 1084 1418 huic
1109 1360 1183 1423 libro
1228 1356 1233 1366 ⁸

60 1438 338 1515 egregiequefactum.
376 1440 587 1498 Fabulasenim
637 1443 721 1500 tidem
737 1444 866 1501 facimus.
907 1442 1024 1499 Utinam
1044 1440 1183 1499 faciamus

60 1520 206 1591 prodidisset
225 1522 358 1591 Tacitus,
379 1520 477 1597 quales
498 1521 587 1591 Mela,
637 1541 755 1599 semper,
784 1522 1027 1596 Germanicasque
1056 1510 1183 1590 virtutes,

61 1596 166 1669 Plinius,
183 1602 292 1678 aliique
303 1602 430 1679 plurimi,
447 1602 534 1659 etiam
547 1620 587 1659 re
638 1604 716 1661 novis
735 1614 763 1661 et
781 1603 936 1679 majoribus
949 1601 977 1657 in
991 1601 1050 1657 dies
1072 1600 1184 1659 virtuti·

59 1680 190 1739 contiones.
227 1682 320 1740 Nunc
338 1681 403 1739 verd
423 1680 534 1757 aliquid
554 1681 589 1738 de
639 1685 701 1753 bus,
721 1684 917 1743 cumulemus!
947 1684 988 1739 At
999 1682 1029 1737 in
1041 1680 1096 1739 hoc
1109 1680 1184 1739 libro

61 1768 115 1814 toto
127 1758 175 1817 boc
182 1763 253 1820 libro
264 1762 430 1820 summatim
443 1764 589 1819 observare
638 1782 727 1821 mores
741 1766 892 1831 Romanos,
912 1761 957 1819 vel
970 1761 1062 1831 silens,
1080 1760 1184 1838 passim

55 1838 138 1911 juvat.
173 1842 449 1919 Compcttuntenim
463 1841 532 1901 mihi
550 1843 591 1899 vi·
638 1846 731 1920 carpit
750 1845 879 1903 Tacitus.
920 1842 995 1899 vert
1019 1842 1186 1917 quidemst

59 1918 138 1982 detur,
148 1938 175 1978 et
185 1924 321 1981 omnibus
334 1934 511 1999 perspectum
527 1922 589 1990 erit,
639 1924 723 1983 belle.
755 1926 819 1983 Hoc
830 1936 873 1983 est
884 1922 959 1981 enim
972 1923 1073 1999 optimi
1089 1921 1187 1997 cujus·

59 2010 86 2053 ut
102 2002 203 2075 opinor,
223 2002 361 2061 Tacitum
383 2002 455 2060 nihil
469 2002 504 2058 de
518 2002 590 2060 Ger·
638 2024 695 2081 que
708 2006 853 2083 scriptoris
873 2003 1009 2075 officium,
1029 2002 1090 2059 haec
1104 2020 1185 2073 cura,

58 2096 191 2141 manontm
206 2083 336 2141 moribus
347 2083 498 2160 scripsisse,
510 2082 589 2157 qudd
639 2085 699 2143 haec
722 2086 795 2156 laus,
824 2087 860 2144 ad
883 2084 974 2141 aemtis
998 2101 1058 2141 suas
1083 2101 1184 2153 mores,

58 2176 114 2217 cum
125 2164 462 2223 mturdetveritatenon
475 2180 590 2221 consen·
639 2166 699 2222 sine
731 2166 904 2235 adulatione,
935 2164 995 2222 sine
1027 2162 1185 2233 offensione,

60 2240 111 2295 tist.
147 2244 176 2301 Si
188 2244 279 2311 enim,
299 2254 333 2301 ut
344 2244 516 2320 quibusdam
529 2242 590 2319 pla·
641 2246 770 2305 animum
783 2248 936 2317 advertere,
948 2262 1051 2319 eosque
1064 2245 1187 2319 proauis

60 2321 117 2390 cuit,
136 2322 249 2400 ingenio
268 2344 320 2381 suo
333 2324 494 2381 indulsisset
505 2321 591 2381 Taci-
641 2326 1112 2402 viribusadmeliorapromovere.
1135 2324 1188 2380 Ni·
1262 2342 1264 2345 ·

61 2412 103 2470 tus,
122 2406 379 2463 utGermsuorum
400 2422 489 2462 mores
507 2402 591 2480 finge-
640 2404 681 2463 hil
696 2405 774 2483 ultra¹
785 2407 930 2463 addidero.
961 2404 991 2462 Si
1005 2404 1068 2480 quis
1081 2411 1188 2473 autem,

61 2494 92 2537 ret
108 2485 210 2558 potius,
230 2485 321 2563 quim
343 2487 464 2557 referret,
487 2485 591 2542 lloma·
642 2502 782 2562 quantum
791 2485 955 2546 Germanici
968 2485 1053 2542 moris
1067 2483 1189 2541 retinue-

62 2575 98 2617 πω
116 2567 252 2643 carpendi
275 2565 415 2642 cupidus;
446 2563 591 2642 quomodo
642 2567 740 2636 umus,
762 2566 881 2625 voluerit
893 2565 994 2644 paucis
1011 2581 1188 2640 cognoscere,

63 2646 487 2706 numilliGermenorumcum
499 2645 592 2703 Curta·
642 2647 875 2724 elegantissimam
913 2646 986 2724 legat
1019 2643 1188 2702 dissertatio-

62 2719 172 2784 densium
196 2729 335 2798 moribus,
355 2727 405 2802 qui
430 2724 524 2802 vigent
542 2723 592 2782 ud·
644 2747 717 2797 nem,
738 2730 785 2785 cui
798 2727 843 2786 Cl.
857 2729 892 2786 de
906 2727 1007 2784 Vertot
1020 2723 1189 2782 titulum'l‘e-

61 2800 117 2872 huc,
135 2809 275 2886 nobisque
287 2818 353 2866 sunt
366 2806 591 2884 perspectissimi,
643 2810 699 2866 cit:
722 2808 914 2866 Dissertatiou
934 2808 1002 2864 duos
1016 2805 1134 2882 laquelle
1154 2825 1189 2862 ou

62 2889 238 2948 concordant?
260 2887 415 2956 Quomodo
430 2885 592 2942 monsillos
643 2890 724 2947 tdcle
734 2889 767 2946 de
777 2886 893 2946 desultor
903 2889 930 2946 lu
939 2886 1072 2946 veritates
1081 2885 1190 2963 origine

63 2961 269 3036 Germanorum,
279 2969 309 3025 iu
322 2968 461 3026 veteribus
474 2966 592 3042 legibus,
642 2972 691 3028 der
703 2969 848 3046 Franpois,
867 2989 921 3046 por
943 2987 979 3026 uo
999 2965 1135 3042 parallelo
1156 2965 1190 3022 de

64 3041 154 3118 salica,
175 3049 393 3126 Ripuariorum,
414 3047 591 3122 Burgundio-
643 3051 718 3108 leurs
742 3070 839 3110 meurs
860 3068 926 3108 uoco
948 3047 1029 3106 celles
1049 3046 1096 3103 des
1117 3045 1191 3104 Ger-

63 3137 130 3194 ΜΝ,
149 3129 319 3205 Anglorum,
332 3128 593 3204 Langobardorum,
641 3131 738 3188 maus.
781 3131 856 3188 Vide
888 3129 973 3188 Mlm.
1007 3127 1041 3185 de
1071 3125 1190 3182 l'Acad.

63 3201 237 3289 aliorumque,
256 3209 418 3285 superstites
440 3205 593 3282 deprehen·
642 3211 715 3287 trop.
736 3211 784 3268 des
806 3211 929 3288 Inscrip.
947 3207 1003 3267 vol.
1026 3225 1062 3264 11.
1083 3225 1113 3282 p.
1132 3201 1189 3272 567

64 3278 159 3343 dimus?
193 3289 361 3358 Quomodo,
380 3296 444 3366 post
465 3299 507 3346 tot
530 3298 591 3345 tan-
639 3303 668 3348 et
681 3309 739 3366 seq.

66 3368 149 3439 tuque
166 3368 331 3427 seculorum
357 3381 443 3444 atque
463 3367 593 3444 imperio-
