2859 4950
489 270 711 333 AGRlCOLA.
1118 280 1175 339 12⁸

64 426 195 523 quodque
225 452 324 499 saevae
356 422 568 525 cogitationis
604 425 768 499 indicium
802 442 887 515 erat,
923 444 1056 501 secreto
1088 434 1206 505 sno'-

64 542 181 631 satiatus,
209 544 377 639 optimum
402 542 437 615 in
466 543 647 640 praesentii
676 543 804 632 statuit,
832 566 1000 642 reponere
1027 546 1178 637 odium,⁸
1257 626 1264 648 ¹

63 656 142 728 donec
158 658 302 755 impetus
325 657 427 731 famae
448 674 482 730 et
499 657 597 732 favor
613 659 788 731 exercitiis
811 660 1067 761 languesceret:
1094 686 1176 739 nam

63 775 218 846 etiamtum
235 776 401 875 Agricola
418 775 628 847 Britanniam
646 775 830 851 obtinebat.

95 1018 136 1077 tu.
160 1010 302 1081 lorruu
322 1016 347 1051 “
360 1009 578 1106 triumphalia
594 1012 821 1098 omamenta,³
833 1026 868 1083 et
879 1009 1019 1085 illustris
1034 1017 1175 1087 statuae‘

62 1126 77 1159 “
88 1121 245 1214 honorem,
259 1146 293 1197 et
312 1126 478 1223 quidquid
495 1152 559 1222 pro
576 1126 753 1222 triumpho
769 1128 909 1214 datur,³'
927 1126 1039 1199 multo
1050 1131 1174 1202 verbo·

58 1258 113 1307 run
136 1238 261 1314 honore
292 1242 477 1332 cumulata,
515 1242 653 1315 decerni
678 1244 713 1314 iri
738 1261 857 1316 senatu
878 1245 990 1341 jubet,
1024 1242 1173 1342 addique

55 1348 162 1447 insuper
181 1358 391 1453 opinionem,
418 1358 552 1459 Syriam
568 1359 779 1457 provinciam
797 1359 973 1456 Agricolae
998 1360 1173 1451 destinari,

55 1489 166 1541 uacuam
194 1492 268 1545 tum
301 1495 413 1547 morte
440 1474 534 1547 Atilii
567 1477 651 1549 Rufi
681 1473 881 1563 consularis,
922 1490 957 1545 et
985 1476 1173 1573 majoribus

51 1594 248 1661 reservatam.⁵
303 1590 491 1662 Credidere
509 1591 665 1687 plerique
682 1589 845 1663 libertum
861 1613 906 1661 ex
931 1590 1172 1667 secretionbus
1245 1664 1249 1671 .

50 1696 207 1775 ministeriis
239 1704 383 1778 missum
418 1706 460 1776 ad
492 1706 706 1804 Agricolam,
749 1704 938 1795 codicillos,
974 1701 1101 1803 quibus
1137 1706 1208 1782 d,

49 1810 125 1905 Syria
146 1817 298 1909 dabatur,
323 1822 464 1912 tulisse„
478 1846 559 1895 cum
589 1839 777 1922 praecept0,
803 1836 854 1910 ut,
879 1822 907 1894 si
931 1819 968 1894 in
992 1822 1171 1897 mimmii

50 1920 128 2016 soret,
151 1937 387 2009 traderentur:
416 1962 565 2035 eumque
583 1939 746 2011 libertum
761 1939 796 2011 in
813 1939 887 2034 ipso
903 1935 994 2009 freto
1012 1934 1173 2013 oceant⁶

48 2040 159 2117 obvium
172 2053 362 2149 Agricola,
388 2078 432 2124 ne
450 2054 618 2151 appellato
636 2054 777 2153 quidem
794 2079 849 2148 eo,
874 2054 918 2125 ad
930 2050 1172 2131 Domitianum

48 2160 206 2237 remeisse:
233 2167 305 2239 sive
318 2194 439 2240 verum
449 2168 552 2257 istud,
576 2169 646 2243 sive
659 2196 703 2259 err
716 2169 854 2268 iugenio
866 2170 1032 2267 Principis
1047 2170 1170 2244 fictum

48 2292 74 2341 ac
87 2283 304 2376 compositum
317 2292 393 2359 est.7
429 2288 633 2359 Tradiderat
648 2286 784 2359 interim
801 2284 969 2384 Agricola
982 2286 1172 2361 successori

47 2388 111 2457 δυο*
133 2398 340 2492 provinciam
358 2402 508 2498 quietam
525 2418 714 2500 tutamque.
767 2404 823 2475 Ac
839 2425 885 2473 ne
900 2400 1057 2474 notabilis
1080 2402 1170 2475 cele·

45 2501 136 2581 britate
162 2531 194 2585 et
222 2513 421 2614 frequentii
456 2519 712 2592 occurrentium
739 2517 898 2590 introitus
926 2534 1026 2606 esset,
1062 2517 1170 2630 vitato

43 2717 61 2770 in
71 2721 194 2786 silentium
209 2743 314 2808 egerat,
326 2735 462 2806 viris,haic
477 2735 562 2794 laude
618 2735 703 2792 busuc
723 2742 918 2792 reservaretur.
960 2733 1077 2790 Novum
1091 2732 1166 2792 illud

45 2797 113 2884 claris,
132 2811 272 2886 neglectis,
293 2825 343 2872 aut
354 2835 390 2874 ex
408 2819 484 2874 Urbe
496 2817 561 2896 pul·
615 2815 789 2872 adulationis
805 2832 892 2890 genus
910 2814 1017 2871 invenit
1029 2814 1169 2891 Agrippa,

42 2893 72 2964 04·
108 2886 172 2954 vluae
188 2905 282 2956 tumen
296 2897 507 2958 omniafrustra
521 2919 562 2957 rc·
615 2905 649 2954 ut
675 2899 807 2972 Augusto
832 2894 1049 2970 gratificaretur.
1095 2895 1169 2954 llaec

44 2963 156 3038 tilulum,
188 2975 209 3030 si
239 2975 377 3051 Agricola
410 2978 560 3037 militarem
615 2975 747 3052 pluribus
759 2975 889 3052 explicat
900 2975 969 3046 Dio,
978 2993 1044 3032 ων.
1057 2995 1087 3052 p.
1098 2980 1169 3034 530.

44 3037 132 3124 plotium
154 3069 229 3110 nunc.
254 3072 419 3131 occuparet.
460 3061 561 3118 Cetera
616 3058 794 3115 ornamenta
809 3068 906 3113 autern
922 3055 1111 3132 triumphalia
1123 3057 1168 3113 fu·

45 3124 129 3184 lucilibs
152 3135 337 3206 dissimulari3
370 3140 434 3196 boui
463 3152 559 3198 nutem
617 3155 661 3193 ιω
677 3137 759 3196 vestis
775 3135 966 3213 triumphalis,
984 3133 1101 3212 aliaque
1120 3137 1169 3194 tri

45 3199 199 3291 lucisrlecus,
209 3221 341 3278 virtutem
351 3238 408 3274 esse
417 3222 558 3296 proprium
617 3217 960 3292 umpbautiumimtgnia.

45 3277 162 3366 Principis,
182 3301 231 3371 qui
247 3299 427 3376 lrnperutotis
448 3303 560 3360 nomine
655 3294 812 3358 *lllualrir
824 3305 936 3355 stature.
972 3295 1168 3374 Triumphalis

43 3371 333 3476 turritibusgrraeessct.
616 3395 651 3436 nc
665 3379 801 3436 laurostae
821 3389 923 3434 statuae
938 3375 966 3430 in
979 3375 1050 3447 foro.
1093 3378 1168 3438 Vide

614 3477 701 3534 supro
716 3458 820 3516 Annul.
835 3475 880 3514 rr.
893 3461 943 3514 23.
958 3473 1013 3512 xv.
1027 3461 1077 3522 723
1092 3457 1168 3520 Hist.

70 3521 265 3598 'decretorum
315 3541 384 3598 lnde
399 3539 509 3600 Plinius
530 3541 557 3598 iu
616 3557 638 3596 1.
652 3545 701 3608 79.
1153 3587 1157 3594 .

43 3595 172 3686 Panegyrie.
197 3641 315 3680 xrvrrt.
358 3621 556 3680 Domitianum
653 3617 845 3696 'Mty'orllv
857 3625 1038 3678 ramulam·
1082 3619 1167 3679 44409·

43 3683 135 3758 aliiue,
153 3705 276 3759 tertelros
289 3722 393 3778 semper
410 3712 558 3760 secretum-
610 3701 746 3758 trioribus
758 3699 957 3757 consutoribus
970 3709 1149 3759 reservatam.

43 3777 77 3830 ll!
92 3787 242 3848 tttptuutem,
263 3803 312 3841 nec
333 3801 458 3858 renqutrm
471 3803 503 3840 er
515 3803 558 3840 so·
651 3773 663 3806 ⁶
686 3779 773 3837 Freto
794 3779 907 3838 Oceani.
949 3781 1065 3836 Fretum
1089 3781 1164 3839 illud

42 3845 127 3925 fletur
139 3861 185 3918 anti
197 3865 386 3938 prodeuntem,
405 3863 459 3920 nisi
471 3871 503 3920 ut
514 3883 557 3920 so-
610 3877 688 3919 rtunc
702 3861 828 3919 dicimus
840 3861 886 3919 tlte
898 3861 1000 3918 rtroitr
1012 3859 1049 3929 of
1056 3860 1167 3921 Dooer.
1217 3892 1220 3899 ·

44 3917 278 4016 liturtinunsocerct,
386 3973 389 3980 Δ
650 3936 873 4018 ⁷Conpositum
903 3949 954 3999 eat.
998 3939 1064 3997 Sive
1088 3941 1165 4002 istud

70 4000 332 4090 ²lltponereorlium.
364 4021 482 4079 Ditlerre
494 4021 556 4079 odi·
610 4039 707 4082 verum
721 4033 772 4090 est,
791 4022 850 4078 sive
867 4021 983 4098 aptbac
998 4023 1166 4080 convenien-

44 4095 84 4142 lm·
611 4113 653 4159 ter
665 4105 701 4160 ud
716 4102 858 4178 Principis
871 4101 1016 4178 ingenium
1028 4099 1045 4156 b
1056 4104 1165 4181 populo

44 4235 46 4242 Ι
70 4159 262 4257 ³Trirmplolio
275 4189 446 4244 ornamenta.
487 4182 554 4238 Non
611 4185 767 4242 confictum
781 4195 810 4239 et
824 4179 1027 4257 compositum.

43 4253 555 4340 [ltumttiumphumquinbA.U.C.
651 4259 845 4321 ⁸Successori
858 4281 918 4319 rao.
959 4262 1113 4321 Successor
1126 4265 1167 4322 Α·

45 4329 91 4410 ’40
107 4338 208 4407 privatis
221 4343 382 4402 huminibus
404 4343 490 4400 tribui
509 4341 557 4398 de·
609 4342 935 4418 gricolaevideturfuisse
943 4341 1166 4402 sallustiusln-

43 4415 81 4474 ut,
104 4431 131 4472 ut
152 4424 211 4481 solis
236 4425 418 4502 Principibus
439 4423 557 4482 Caesari·
611 4423 717 4500 callus,
737 4425 850 4503 dequo
871 4423 989 4486 susten.
1005 4423 1036 4483 in
1055 4423 1166 4486 Domit.
