<?xml version="1.0" encoding="UTF-8"?>
<!DOCTYPE html PUBLIC "-//W3C//DTD XHTML 1.0 Transitional//EN"
    "http://www.w3.org/TR/xhtml1/DTD/xhtml1-transitional.dtd">
<html xmlns="http://www.w3.org/1999/xhtml" xml:lang="en" lang="en">
 <head>
  <title>
</title>
<meta http-equiv="Content-Type" content="text/html;charset=utf-8" />
  <meta name='ocr-system' content='tesseract 3.04.00' />
  <meta name='ocr-capabilities' content='ocr_page ocr_carea ocr_par ocr_line ocrx_word'/>
</head>
<body>
  <div class='ocr_page' id='page_1' title='image "./ccorntacitioper01valpgoog_0489.png"; bbox 0 0 2859 4950; ppageno 0'>
   <div class='ocr_carea' id='block_1_1' title="bbox 67 272 1220 372">
    <p class='ocr_par' dir='ltr' id='par_1_1' title="bbox 67 272 1220 372">
     <span class='ocr_line' id='line_1_1' title="bbox 67 272 1220 372; baseline 0.016 -25"><span class='ocrx_word' id='word_1_1' title='bbox 67 285 198 349; x_wconf 75' lang='lat' dir='ltr'><strong>ants.</strong></span> <span class='ocrx_word' id='word_1_2' title='bbox 293 286 402 347; x_wconf 80' lang='lat' dir='ltr'><strong>unm</strong></span> <span class='ocrx_word' id='word_1_3' title='bbox 426 284 578 347; x_wconf 80' lang='lat' dir='ltr'><strong>nucum</strong></span> <span class='ocrx_word' id='word_1_4' title='bbox 600 288 719 349; x_wconf 79' lang='lat' dir='ltr'><strong>sexu</strong></span> <span class='ocrx_word' id='word_1_5' title='bbox 742 272 1002 355; x_wconf 69' lang='lat' dir='ltr'><strong>lunanum·</strong></span> <span class='ocrx_word' id='word_1_6' title='bbox 1159 300 1220 372; x_wconf 75' lang='lat'><strong>477</strong></span> 
     </span>
    </p>
   </div>
   <div class='ocr_carea' id='block_1_2' title="bbox 55 428 1303 2063">
    <p class='ocr_par' dir='ltr' id='par_1_2' title="bbox 55 428 1303 2063">
     <span class='ocr_line' id='line_1_2' title="bbox 73 428 1220 552; baseline 0.011 -35"><span class='ocrx_word' id='word_1_7' title='bbox 73 448 93 517; x_wconf 86' lang='lat'><strong>‘.‘</strong></span> <span class='ocrx_word' id='word_1_8' title='bbox 114 441 187 517; x_wconf 85' lang='lat' dir='ltr'><strong>haec</strong></span> <span class='ocrx_word' id='word_1_9' title='bbox 213 440 442 517; x_wconf 86' lang='lat' dir='ltr'><strong>monimenta!</strong></span> <span class='ocrx_word' id='word_1_10' title='bbox 468 443 578 539; x_wconf 88' lang='lat' dir='ltr'>Apud</span> <span class='ocrx_word' id='word_1_11' title='bbox 593 440 695 548; x_wconf 88' lang='lat' dir='ltr'><strong>illum</strong></span> <span class='ocrx_word' id='word_1_12' title='bbox 709 428 882 537; x_wconf 79' lang='lat' dir='ltr'><strong>nobilitas,</strong></span> <span class='ocrx_word' id='word_1_13' title='bbox 906 475 1003 547; x_wconf 87' lang='lat' dir='ltr'><strong>opes,</strong></span> <span class='ocrx_word' id='word_1_14' title='bbox 1028 450 1220 552; x_wconf 80' lang='lat' dir='ltr'>ingenium,</span> 
     </span>
     <span class='ocr_line' id='line_1_3' title="bbox 72 557 1221 657; baseline 0.015 -26"><span class='ocrx_word' id='word_1_15' title='bbox 72 565 92 597; x_wconf 90' lang='lat'>“</span> <span class='ocrx_word' id='word_1_16' title='bbox 114 559 232 649; x_wconf 87' lang='lat' dir='ltr'><strong>virtus,</strong></span> <span class='ocrx_word' id='word_1_17' title='bbox 257 585 375 649; x_wconf 86' lang='lat' dir='ltr'><strong>sexus,</strong></span> <span class='ocrx_word' id='word_1_18' title='bbox 400 575 495 649; x_wconf 78' lang='lat' dir='ltr'><strong>aetas,</strong></span> <span class='ocrx_word' id='word_1_19' title='bbox 509 557 589 648; x_wconf 46' lang='lat' dir='ltr'><strong>xvita</strong></span> <span class='ocrx_word' id='word_1_20' title='bbox 616 559 702 657; x_wconf 90' lang='lat' dir='ltr'><strong>ipsa,</strong></span> <span class='ocrx_word' id='word_1_21' title='bbox 731 562 874 635; x_wconf 90' lang='lat' dir='ltr'><strong>crimina</strong></span> <span class='ocrx_word' id='word_1_22' title='bbox 901 583 993 639; x_wconf 92' lang='lat' dir='ltr'><strong>sunt.</strong></span> <span class='ocrx_word' id='word_1_23' title='bbox 1044 569 1112 643; x_wconf 83' lang='lat' dir='ltr'><strong>Per</strong></span> <span class='ocrx_word' id='word_1_24' title='bbox 1144 572 1221 647; x_wconf 82' lang='lat' dir='ltr'><strong>haec</strong></span> 
     </span>
     <span class='ocr_line' id='line_1_4' title="bbox 71 675 1221 776; baseline 0.015 -30"><span class='ocrx_word' id='word_1_25' title='bbox 71 680 91 713; x_wconf 89' lang='lat'><strong><em>“</em></strong></span> <span class='ocrx_word' id='word_1_26' title='bbox 112 676 279 749; x_wconf 77' lang='lat' dir='ltr'><strong>adversits</strong></span> <span class='ocrx_word' id='word_1_27' title='bbox 294 701 405 776; x_wconf 86' lang='lat' dir='ltr'><strong>genus</strong></span> <span class='ocrx_word' id='word_1_28' title='bbox 420 675 614 749; x_wconf 90' lang='lat' dir='ltr'><strong>humanum</strong></span> <span class='ocrx_word' id='word_1_29' title='bbox 639 695 824 775; x_wconf 84' lang='lat' dir='ltr'><strong>grassatur.</strong></span> <span class='ocrx_word' id='word_1_30' title='bbox 878 680 1032 756; x_wconf 91' lang='lat' dir='ltr'><strong>Ruinam</strong></span> <span class='ocrx_word' id='word_1_31' title='bbox 1060 688 1221 763; x_wconf 91' lang='lat' dir='ltr'><strong>omnibus</strong></span> 
     </span>
     <span class='ocr_line' id='line_1_5' title="bbox 68 789 1220 893; baseline 0.013 -31"><span class='ocrx_word' id='word_1_32' title='bbox 68 795 90 829; x_wconf 87' lang='lat'><strong>“</strong></span> <span class='ocrx_word' id='word_1_33' title='bbox 111 789 347 865; x_wconf 85' lang='lat' dir='ltr'><strong>imminentem</strong></span> <span class='ocrx_word' id='word_1_34' title='bbox 359 794 432 891; x_wconf 87' lang='lat' dir='ltr'><strong>jam</strong></span> <span class='ocrx_word' id='word_1_35' title='bbox 449 791 470 863; x_wconf 75' lang='lat' dir='ltr'><strong>ai</strong></span> <span class='ocrx_word' id='word_1_36' title='bbox 488 791 600 864; x_wconf 88' lang='lat' dir='ltr'><strong>Gallis</strong></span> <span class='ocrx_word' id='word_1_37' title='bbox 616 792 819 889; x_wconf 80' lang='lat' dir='ltr'>propulsare</span> <span class='ocrx_word' id='word_1_38' title='bbox 836 795 942 893; x_wconf 84' lang='lat' dir='ltr'><strong>coepit</strong></span> <span class='ocrx_word' id='word_1_39' title='bbox 959 799 1108 874; x_wconf 84' lang='lat' dir='ltr'><strong>Vindex.</strong></span> <span class='ocrx_word' id='word_1_40' title='bbox 1147 804 1220 877; x_wconf 90' lang='lat' dir='ltr'><strong>Alii</strong></span> 
     </span>
     <span class='ocr_line' id='line_1_6' title="bbox 67 900 1220 1013; baseline 0.012 -34"><span class='ocrx_word' id='word_1_41' title='bbox 67 908 153 979; x_wconf 86' lang='lat' dir='ltr'><strong>“ab</strong></span> <span class='ocrx_word' id='word_1_42' title='bbox 185 907 273 996; x_wconf 83' lang='lat' dir='ltr'><strong>aliis,</strong></span> <span class='ocrx_word' id='word_1_43' title='bbox 310 931 376 1006; x_wconf 84' lang='lat' dir='ltr'><strong>ego</strong></span> <span class='ocrx_word' id='word_1_44' title='bbox 407 906 429 979; x_wconf 69' lang='lat' dir='ltr'><strong>b</strong></span> <span class='ocrx_word' id='word_1_45' title='bbox 460 906 558 979; x_wconf 89' lang='lat' dir='ltr'><strong>vobis</strong></span> <span class='ocrx_word' id='word_1_46' title='bbox 590 925 753 981; x_wconf 78' lang='lat' dir='ltr'><strong>avertam.</strong></span> <span class='ocrx_word' id='word_1_47' title='bbox 806 912 967 1002; x_wconf 72' lang='lat' dir='ltr'><strong>caesarts,</strong></span> <span class='ocrx_word' id='word_1_48' title='bbox 1002 900 1220 1013; x_wconf 86' lang='lat' dir='ltr'><strong>Imperatoris</strong></span> 
     </span>
     <span class='ocr_line' id='line_1_7' title="bbox 67 1021 1303 1135; baseline 0.009 -41"><span class='ocrx_word' id='word_1_49' title='bbox 67 1027 88 1059; x_wconf 92' lang='lat'><strong>“</strong></span> <span class='ocrx_word' id='word_1_50' title='bbox 112 1021 310 1097; x_wconf 90' lang='lat' dir='ltr'><strong>nominibus</strong></span> <span class='ocrx_word' id='word_1_51' title='bbox 326 1021 465 1119; x_wconf 89' lang='lat' dir='ltr'><strong>parcite.</strong></span> <span class='ocrx_word' id='word_1_52' title='bbox 516 1023 579 1093; x_wconf 91' lang='lat' dir='ltr'><strong>Me</strong></span> <span class='ocrx_word' id='word_1_53' title='bbox 595 1022 736 1095; x_wconf 80' lang='lat' dir='ltr'><strong>senatlls</strong></span> <span class='ocrx_word' id='word_1_54' title='bbox 751 1026 941 1123; x_wconf 89' lang='lat' dir='ltr'>populique</span> <span class='ocrx_word' id='word_1_55' title='bbox 960 1029 1111 1103; x_wconf 89' lang='lat' dir='ltr'><strong>Romani</strong></span> <span class='ocrx_word' id='word_1_56' title='bbox 1128 1024 1219 1135; x_wconf 74' lang='lat' dir='ltr'><strong>lega-</strong></span> <span class='ocrx_word' id='word_1_57' title='bbox 1300 1118 1303 1133; x_wconf 40' lang='grc' dir='ltr'>Ι</span> 
     </span>
     <span class='ocr_line' id='line_1_8' title="bbox 65 1136 1221 1245; baseline 0.011 -35"><span class='ocrx_word' id='word_1_58' title='bbox 65 1144 86 1176; x_wconf 85' lang='grc'>“</span> <span class='ocrx_word' id='word_1_59' title='bbox 108 1142 206 1211; x_wconf 90' lang='lat' dir='ltr'><strong>tum¹</strong></span> <span class='ocrx_word' id='word_1_60' title='bbox 232 1164 307 1211; x_wconf 89' lang='lat' dir='ltr'><strong>esse</strong></span> <span class='ocrx_word' id='word_1_61' title='bbox 334 1136 496 1211; x_wconf 85' lang='lat' dir='ltr'><strong>memini:</strong></span> <span class='ocrx_word' id='word_1_62' title='bbox 523 1138 590 1209; x_wconf 88' lang='lat' dir='ltr'><strong>boc</strong></span> <span class='ocrx_word' id='word_1_63' title='bbox 620 1137 688 1210; x_wconf 90' lang='lat' dir='ltr'><strong>mei</strong></span> <span class='ocrx_word' id='word_1_64' title='bbox 722 1140 874 1215; x_wconf 92' lang='lat' dir='ltr'><strong>muneris</strong></span> <span class='ocrx_word' id='word_1_65' title='bbox 902 1143 1056 1235; x_wconf 90' lang='lat' dir='ltr'><strong>nomine,</strong></span> <span class='ocrx_word' id='word_1_66' title='bbox 1082 1148 1221 1245; x_wconf 83' lang='lat' dir='ltr'><strong>Imperii</strong></span> 
     </span>
     <span class='ocr_line' id='line_1_9' title="bbox 64 1253 1218 1362; baseline 0.01 -35"><span class='ocrx_word' id='word_1_67' title='bbox 64 1260 84 1292; x_wconf 85' lang='lat'><strong>“</strong></span> <span class='ocrx_word' id='word_1_68' title='bbox 107 1257 334 1354; x_wconf 83' lang='lat' dir='ltr'><strong>majestatem,</strong></span> <span class='ocrx_word' id='word_1_69' title='bbox 371 1276 594 1326; x_wconf 89' lang='lat' dir='ltr'><strong>communem</strong></span> <span class='ocrx_word' id='word_1_70' title='bbox 628 1253 785 1327; x_wconf 91' lang='lat' dir='ltr'><strong>omnium</strong></span> <span class='ocrx_word' id='word_1_71' title='bbox 814 1258 960 1331; x_wconf 88' lang='lat' dir='ltr'><strong>salutem</strong></span> <span class='ocrx_word' id='word_1_72' title='bbox 991 1261 1080 1333; x_wconf 85' lang='lat' dir='ltr'><strong>tueri</strong></span> <span class='ocrx_word' id='word_1_73' title='bbox 1109 1266 1218 1362; x_wconf 86' lang='lat' dir='ltr'><strong>juvat.</strong></span> 
     </span>
     <span class='ocr_line' id='line_1_10' title="bbox 63 1368 1219 1453; baseline 0.01 -11"><span class='ocrx_word' id='word_1_74' title='bbox 63 1378 84 1411; x_wconf 77' lang='lat'><strong>‘⁴</strong></span> <span class='ocrx_word' id='word_1_75' title='bbox 107 1370 203 1443; x_wconf 91' lang='lat' dir='ltr'><strong>Novi</strong></span> <span class='ocrx_word' id='word_1_76' title='bbox 219 1394 278 1444; x_wconf 90' lang='lat' dir='ltr'><strong>me</strong></span> <span class='ocrx_word' id='word_1_77' title='bbox 295 1370 316 1443; x_wconf 76' lang='lat' dir='ltr'><strong>i</strong></span> <span class='ocrx_word' id='word_1_78' title='bbox 332 1370 476 1443; x_wconf 87' lang='lat' dir='ltr'><strong>Nerone</strong></span> <span class='ocrx_word' id='word_1_79' title='bbox 502 1368 606 1442; x_wconf 90' lang='lat' dir='ltr'><strong>morti</strong></span> <span class='ocrx_word' id='word_1_80' title='bbox 635 1370 868 1444; x_wconf 76' lang='lat' dir='ltr'><strong>destinatum.²</strong></span> <span class='ocrx_word' id='word_1_81' title='bbox 919 1376 989 1448; x_wconf 91' lang='lat' dir='ltr'><strong>Sed</strong></span> <span class='ocrx_word' id='word_1_82' title='bbox 1005 1375 1109 1450; x_wconf 90' lang='lat' dir='ltr'><strong>vitam</strong></span> <span class='ocrx_word' id='word_1_83' title='bbox 1126 1376 1219 1453; x_wconf 89' lang='lat' dir='ltr'><strong>labo·</strong></span> 
     </span>
     <span class='ocr_line' id='line_1_11' title="bbox 61 1483 1217 1587; baseline 0.009 -28"><span class='ocrx_word' id='word_1_84' title='bbox 61 1493 82 1526; x_wconf 87' lang='lat'>“</span> <span class='ocrx_word' id='word_1_85' title='bbox 105 1486 203 1560; x_wconf 86' lang='lat' dir='ltr'><strong>ribus</strong></span> <span class='ocrx_word' id='word_1_86' title='bbox 220 1483 421 1573; x_wconf 81' lang='lat' dir='ltr'><strong>exercitam,</strong></span> <span class='ocrx_word' id='word_1_87' title='bbox 446 1484 606 1582; x_wconf 85' lang='lat' dir='ltr'><strong>periculis</strong></span> <span class='ocrx_word' id='word_1_88' title='bbox 622 1485 722 1557; x_wconf 89' lang='lat' dir='ltr'><strong>finire</strong></span> <span class='ocrx_word' id='word_1_89' title='bbox 739 1488 929 1587; x_wconf 84' lang='lat' dir='ltr'><strong>egregium.</strong></span> <span class='ocrx_word' id='word_1_90' title='bbox 982 1494 1055 1564; x_wconf 92' lang='lat' dir='ltr'><strong>Vos</strong></span> <span class='ocrx_word' id='word_1_91' title='bbox 1079 1494 1217 1569; x_wconf 81' lang='lat' dir='ltr'><strong>tannim</strong></span> 
     </span>
     <span class='ocr_line' id='line_1_12' title="bbox 62 1600 1218 1701; baseline 0.008 -26"><span class='ocrx_word' id='word_1_92' title='bbox 62 1610 83 1643; x_wconf 88' lang='lat'><strong>“</strong></span> <span class='ocrx_word' id='word_1_93' title='bbox 105 1628 173 1701; x_wconf 88' lang='lat' dir='ltr'><strong>pro</strong></span> <span class='ocrx_word' id='word_1_94' title='bbox 189 1601 314 1701; x_wconf 82' lang='lat' dir='ltr'><strong>patriai,</strong></span> <span class='ocrx_word' id='word_1_95' title='bbox 339 1626 403 1699; x_wconf 94' lang='lat' dir='ltr'><strong>pro</strong></span> <span class='ocrx_word' id='word_1_96' title='bbox 419 1600 534 1675; x_wconf 75' lang='lat' dir='ltr'><strong>vestri</strong></span> <span class='ocrx_word' id='word_1_97' title='bbox 549 1601 782 1675; x_wconf 87' lang='lat' dir='ltr'><strong>incolumitate</strong></span> <span class='ocrx_word' id='word_1_98' title='bbox 809 1604 950 1677; x_wconf 86' lang='lat' dir='ltr'><strong>certanti</strong></span> <span class='ocrx_word' id='word_1_99' title='bbox 976 1603 1127 1681; x_wconf 85' lang='lat' dir='ltr'><strong>favete.‘&#39;</strong></span> <span class='ocrx_word' id='word_1_100' title='bbox 1177 1613 1218 1683; x_wconf 91' lang='lat' dir='ltr'><strong>ln</strong></span> 
     </span>
     <span class='ocr_line' id='line_1_13' title="bbox 59 1715 1216 1821; baseline 0.01 -32"><span class='ocrx_word' id='word_1_101' title='bbox 59 1718 161 1817; x_wconf 87' lang='lat' dir='ltr'><strong>legati</strong></span> <span class='ocrx_word' id='word_1_102' title='bbox 196 1715 460 1791; x_wconf 82' lang='lat' dir='ltr'><strong>admirationem</strong></span> <span class='ocrx_word' id='word_1_103' title='bbox 493 1716 681 1812; x_wconf 88' lang='lat' dir='ltr'><strong>laudesque</strong></span> <span class='ocrx_word' id='word_1_104' title='bbox 719 1736 846 1793; x_wconf 83' lang='lat' dir='ltr'><strong>secutae</strong></span> <span class='ocrx_word' id='word_1_105' title='bbox 879 1746 981 1795; x_wconf 91' lang='lat' dir='ltr'><strong>voces</strong></span> <span class='ocrx_word' id='word_1_106' title='bbox 1013 1722 1216 1821; x_wconf 70' lang='lat' dir='ltr'><strong>innumerae.</strong></span> 
     </span>
     <span class='ocr_line' id='line_1_14' title="bbox 56 1832 1218 1921; baseline 0.006 -10"><span class='ocrx_word' id='word_1_107' title='bbox 56 1835 154 1911; x_wconf 89' lang='lat' dir='ltr'><strong>Nero</strong></span> <span class='ocrx_word' id='word_1_108' title='bbox 180 1832 311 1907; x_wconf 79' lang='lat' dir='ltr'><strong>odiosis</strong></span> <span class='ocrx_word' id='word_1_109' title='bbox 339 1832 488 1905; x_wconf 83' lang='lat' dir='ltr'><strong>dicteriis</strong></span> <span class='ocrx_word' id='word_1_110' title='bbox 515 1833 723 1906; x_wconf 86' lang='lat' dir='ltr'><strong>cumulatur.</strong></span> <span class='ocrx_word' id='word_1_111' title='bbox 777 1836 905 1911; x_wconf 88' lang='lat' dir='ltr'><strong>Omnia</strong></span> <span class='ocrx_word' id='word_1_112' title='bbox 931 1836 975 1911; x_wconf 87' lang='lat' dir='ltr'><strong>ad</strong></span> <span class='ocrx_word' id='word_1_113' title='bbox 997 1837 1159 1915; x_wconf 85' lang='lat' dir='ltr'><strong>libertatis</strong></span> <span class='ocrx_word' id='word_1_114' title='bbox 1173 1860 1218 1921; x_wconf 69' lang='lat' dir='ltr'><strong>,et</strong></span> 
     </span>
     <span class='ocr_line' id='line_1_15' title="bbox 55 1946 753 2063; baseline -0.001 -39"><span class='ocrx_word' id='word_1_115' title='bbox 55 1948 248 2025; x_wconf 81' lang='lat' dir='ltr'><strong>securitatis</strong></span> <span class='ocrx_word' id='word_1_116' title='bbox 265 1946 519 2021; x_wconf 88' lang='lat' dir='ltr'><strong>munimentum</strong></span> <span class='ocrx_word' id='word_1_117' title='bbox 535 1966 753 2063; x_wconf 75' lang='lat' dir='ltr'><strong>apparantur.</strong></span> 
     </span>
    </p>
   </div>
   <div class='ocr_carea' id='block_1_3' title="bbox 41 2183 1295 3674">
    <p class='ocr_par' dir='ltr' id='par_1_3' title="bbox 41 2183 1295 3674">
     <span class='ocr_line' id='line_1_16' title="bbox 104 2183 1216 2287; baseline 0.004 -20"><span class='ocrx_word' id='word_1_118' title='bbox 104 2196 166 2267; x_wconf 76' lang='lat'><strong>72.</strong></span> <span class='ocrx_word' id='word_1_119' title='bbox 192 2188 379 2263; x_wconf 78' lang='lat' dir='ltr'><strong>Nonnurr</strong></span> <span class='ocrx_word' id='word_1_120' title='bbox 409 2186 456 2259; x_wconf 88' lang='lat' dir='ltr'><strong>ita</strong></span> <span class='ocrx_word' id='word_1_121' title='bbox 486 2183 722 2263; x_wconf 85' lang='lat' dir='ltr'><strong>fervescebant</strong></span> <span class='ocrx_word' id='word_1_122' title='bbox 746 2187 935 2287; x_wconf 87' lang='lat' dir='ltr'><strong>Hispaniae,</strong></span> <span class='ocrx_word' id='word_1_123' title='bbox 970 2189 1056 2265; x_wconf 85' lang='lat' dir='ltr'><strong>cum</strong></span> <span class='ocrx_word' id='word_1_124' title='bbox 1085 2192 1216 2271; x_wconf 90' lang='lat' dir='ltr'><strong>ltaliam</strong></span> 
     </span>
     <span class='ocr_line' id='line_1_17' title="bbox 53 2298 1217 2407; baseline 0.008 -30"><span class='ocrx_word' id='word_1_125' title='bbox 53 2300 265 2404; x_wconf 85' lang='lat' dir='ltr'><strong>pervagatus</strong></span> <span class='ocrx_word' id='word_1_126' title='bbox 297 2320 348 2376; x_wconf 91' lang='lat' dir='ltr'><strong>est</strong></span> <span class='ocrx_word' id='word_1_127' title='bbox 382 2298 577 2377; x_wconf 80' lang='lat' dir='ltr'><strong>Galliarum</strong></span> <span class='ocrx_word' id='word_1_128' title='bbox 610 2302 811 2379; x_wconf 86' lang='lat' dir='ltr'><strong>defectionis</strong></span> <span class='ocrx_word' id='word_1_129' title='bbox 848 2330 980 2378; x_wconf 90' lang='lat' dir='ltr'><strong>rumor.</strong></span> <span class='ocrx_word' id='word_1_130' title='bbox 1031 2309 1217 2407; x_wconf 89' lang='lat' dir='ltr'><strong>Neapolim</strong></span> 
     </span>
     <span class='ocr_line' id='line_1_18' title="bbox 52 2417 1216 2522; baseline 0.003 -28"><span class='ocrx_word' id='word_1_131' title='bbox 52 2419 214 2514; x_wconf 89' lang='lat' dir='ltr'><strong>pervenit</strong></span> <span class='ocrx_word' id='word_1_132' title='bbox 231 2419 288 2492; x_wconf 88' lang='lat' dir='ltr'><strong>dle</strong></span> <span class='ocrx_word' id='word_1_133' title='bbox 303 2417 392 2517; x_wconf 88' lang='lat' dir='ltr'><strong>ipso,</strong></span> <span class='ocrx_word' id='word_1_134' title='bbox 409 2445 480 2517; x_wconf 93' lang='lat' dir='ltr'><strong>quo</strong></span> <span class='ocrx_word' id='word_1_135' title='bbox 496 2420 594 2494; x_wconf 90' lang='lat' dir='ltr'><strong>Nero</strong></span> <span class='ocrx_word' id='word_1_136' title='bbox 610 2436 757 2494; x_wconf 87' lang='lat' dir='ltr'><strong>matrem</strong></span> <span class='ocrx_word' id='word_1_137' title='bbox 774 2419 968 2495; x_wconf 60' lang='lat' dir='ltr'><strong>occiderat!</strong></span> <span class='ocrx_word' id='word_1_138' title='bbox 1019 2423 1216 2522; x_wconf 85' lang='lat' dir='ltr'><strong>Tamquam</strong></span> 
     </span>
     <span class='ocr_line' id='line_1_19' title="bbox 52 2535 1217 2640; baseline 0.003 -30"><span class='ocrx_word' id='word_1_139' title='bbox 52 2536 175 2610; x_wconf 82' lang='lat' dir='ltr'><strong>laetum</strong></span> <span class='ocrx_word' id='word_1_140' title='bbox 193 2535 419 2632; x_wconf 88' lang='lat' dir='ltr'><strong>faustumque</strong></span> <span class='ocrx_word' id='word_1_141' title='bbox 430 2535 559 2634; x_wconf 88' lang='lat' dir='ltr'><strong>aliquid</strong></span> <span class='ocrx_word' id='word_1_142' title='bbox 575 2535 694 2610; x_wconf 74' lang='lat' dir='ltr'><strong>sitisset</strong></span> <span class='ocrx_word' id='word_1_143' title='bbox 708 2537 916 2627; x_wconf 87' lang='lat' dir='ltr'><strong>nuntiatum,</strong></span> <span class='ocrx_word' id='word_1_144' title='bbox 942 2538 1053 2612; x_wconf 90' lang='lat' dir='ltr'><strong>statim</strong></span> <span class='ocrx_word' id='word_1_145' title='bbox 1069 2540 1105 2612; x_wconf 92' lang='lat' dir='ltr'><strong>in</strong></span> <span class='ocrx_word' id='word_1_146' title='bbox 1117 2565 1217 2640; x_wconf 87' lang='lat' dir='ltr'><strong>gym-</strong></span> 
     </span>
     <span class='ocr_line' id='line_1_20' title="bbox 49 2651 1285 2752; baseline 0.003 -26"><span class='ocrx_word' id='word_1_147' title='bbox 49 2653 190 2726; x_wconf 82' lang='lat' dir='ltr'><strong>nasium</strong></span> <span class='ocrx_word' id='word_1_148' title='bbox 225 2651 404 2751; x_wconf 84' lang='lat' dir='ltr'><strong>progredi,</strong></span> <span class='ocrx_word' id='word_1_149' title='bbox 446 2668 683 2750; x_wconf 88' lang='lat' dir='ltr'><strong>certantesque</strong></span> <span class='ocrx_word' id='word_1_150' title='bbox 715 2652 858 2726; x_wconf 88' lang='lat' dir='ltr'><strong>athletas</strong></span> <span class='ocrx_word' id='word_1_151' title='bbox 890 2653 1050 2727; x_wconf 90' lang='lat' dir='ltr'><strong>effusiore</strong></span> <span class='ocrx_word' id='word_1_152' title='bbox 1088 2656 1217 2752; x_wconf 87' lang='lat' dir='ltr'><strong>gaudio</strong></span> <span class='ocrx_word' id='word_1_153' title='bbox 1282 2740 1285 2748; x_wconf 25' lang='lat'><strong>¹</strong></span> 
     </span>
     <span class='ocr_line' id='line_1_21' title="bbox 46 2757 1217 2868; baseline 0.003 -27"><span class='ocrx_word' id='word_1_154' title='bbox 46 2772 240 2864; x_wconf 79' lang='lat' dir='ltr'><strong>spectare,⁴</strong></span> <span class='ocrx_word' id='word_1_155' title='bbox 262 2767 361 2865; x_wconf 81' lang='lat' dir='ltr'><strong>quod</strong></span> <span class='ocrx_word' id='word_1_156' title='bbox 376 2766 546 2864; x_wconf 87' lang='lat' dir='ltr'><strong>insperata</strong></span> <span class='ocrx_word' id='word_1_157' title='bbox 565 2766 837 2864; x_wconf 88' lang='lat' dir='ltr'><strong>opulentissimas</strong></span> <span class='ocrx_word' id='word_1_158' title='bbox 850 2757 1217 2868; x_wconf 62' lang='lat' dir='ltr'><strong>‘provinciaspraedan-</strong></span> 
     </span>
     <span class='ocr_line' id='line_1_22' title="bbox 48 2883 1217 2983; baseline 0.003 -25"><span class='ocrx_word' id='word_1_159' title='bbox 48 2884 107 2958; x_wconf 85' lang='lat' dir='ltr'><strong>di⁵</strong></span> <span class='ocrx_word' id='word_1_160' title='bbox 124 2895 236 2958; x_wconf 83' lang='lat' dir='ltr'><strong>causa</strong></span> <span class='ocrx_word' id='word_1_161' title='bbox 251 2900 460 2957; x_wconf 89' lang='lat' dir='ltr'><strong>occurreret.</strong></span> <span class='ocrx_word' id='word_1_162' title='bbox 513 2885 651 2956; x_wconf 75' lang='lat' dir='ltr'><strong>Verum</strong></span> <span class='ocrx_word' id='word_1_163' title='bbox 666 2883 1086 2975; x_wconf 85' lang='lat' dir='ltr'><strong>tumultuosioresliterae,</strong></span> <span class='ocrx_word' id='word_1_164' title='bbox 1110 2911 1217 2983; x_wconf 91' lang='lat' dir='ltr'><strong>super</strong></span> 
     </span>
     <span class='ocr_line' id='line_1_23' title="bbox 44 2998 1218 3095; baseline -0.001 -20"><span class='ocrx_word' id='word_1_165' title='bbox 44 3025 195 3076; x_wconf 87' lang='lat' dir='ltr'><strong>coenam</strong></span> <span class='ocrx_word' id='word_1_166' title='bbox 229 2998 355 3088; x_wconf 76' lang='lat' dir='ltr'><strong>allatae,</strong></span> <span class='ocrx_word' id='word_1_167' title='bbox 388 2998 475 3072; x_wconf 91' lang='lat' dir='ltr'><strong>iram</strong></span> <span class='ocrx_word' id='word_1_168' title='bbox 507 2998 694 3086; x_wconf 87' lang='lat' dir='ltr'><strong>incussere,</strong></span> <span class='ocrx_word' id='word_1_169' title='bbox 730 3023 848 3095; x_wconf 90' lang='lat' dir='ltr'><strong>quam,</strong></span> <span class='ocrx_word' id='word_1_170' title='bbox 879 2998 1040 3071; x_wconf 79' lang='lat' dir='ltr'><strong>utitatis</strong></span> <span class='ocrx_word' id='word_1_171' title='bbox 1072 3001 1218 3093; x_wconf 82' lang='lat' dir='ltr'><strong>adsolet,</strong></span> 
     </span>
     <span class='ocr_line' id='line_1_24' title="bbox 44 3112 1217 3214; baseline 0 -24"><span class='ocrx_word' id='word_1_172' title='bbox 44 3134 170 3190; x_wconf 86' lang='lat' dir='ltr'><strong>secuta</strong></span> <span class='ocrx_word' id='word_1_173' title='bbox 187 3131 242 3188; x_wconf 87' lang='lat' dir='ltr'><strong>est</strong></span> <span class='ocrx_word' id='word_1_174' title='bbox 257 3113 388 3186; x_wconf 90' lang='lat' dir='ltr'><strong>inertia.</strong></span> <span class='ocrx_word' id='word_1_175' title='bbox 438 3112 600 3186; x_wconf 77' lang='lat' dir='ltr'><strong>Primum</strong></span> <span class='ocrx_word' id='word_1_176' title='bbox 617 3113 757 3209; x_wconf 89' lang='lat' dir='ltr'><strong>quidem</strong></span> <span class='ocrx_word' id='word_1_177' title='bbox 769 3112 967 3200; x_wconf 87' lang='lat' dir='ltr'><strong>infremere,</strong></span> <span class='ocrx_word' id='word_1_178' title='bbox 990 3112 1075 3202; x_wconf 85' lang='lat' dir='ltr'><strong>dira,</strong></span> <span class='ocrx_word' id='word_1_179' title='bbox 1100 3115 1139 3188; x_wconf 91' lang='lat' dir='ltr'><strong>iis</strong></span> <span class='ocrx_word' id='word_1_180' title='bbox 1157 3117 1217 3214; x_wconf 93' lang='lat' dir='ltr'><strong>qui</strong></span> 
     </span>
     <span class='ocr_line' id='line_1_25' title="bbox 43 3227 1217 3324; baseline -0.002 -20"><span class='ocrx_word' id='word_1_181' title='bbox 43 3229 262 3318; x_wconf 80' lang='lat' dir='ltr'><strong>descissent,</strong></span> <span class='ocrx_word' id='word_1_182' title='bbox 283 3227 426 3300; x_wconf 84' lang='lat' dir='ltr'><strong>minari:</strong></span> <span class='ocrx_word' id='word_1_183' title='bbox 452 3227 513 3300; x_wconf 90' lang='lat' dir='ltr'><strong>sed</strong></span> <span class='ocrx_word' id='word_1_184' title='bbox 530 3253 593 3324; x_wconf 88' lang='lat' dir='ltr'><strong>per</strong></span> <span class='ocrx_word' id='word_1_185' title='bbox 608 3245 688 3301; x_wconf 94' lang='lat' dir='ltr'><strong>octo</strong></span> <span class='ocrx_word' id='word_1_186' title='bbox 705 3227 886 3300; x_wconf 83' lang='lat' dir='ltr'><strong>continuos</strong></span> <span class='ocrx_word' id='word_1_187' title='bbox 908 3227 980 3300; x_wconf 88' lang='lat' dir='ltr'><strong>dies</strong></span> <span class='ocrx_word' id='word_1_188' title='bbox 997 3227 1080 3298; x_wconf 90' lang='lat' dir='ltr'><strong>nihil</strong></span> <span class='ocrx_word' id='word_1_189' title='bbox 1097 3231 1217 3302; x_wconf 86' lang='lat' dir='ltr'><strong>rescri-</strong></span> 
     </span>
     <span class='ocr_line' id='line_1_26' title="bbox 43 3343 1295 3442; baseline -0.014 -20"><span class='ocrx_word' id='word_1_190' title='bbox 43 3343 164 3439; x_wconf 84' lang='lat' dir='ltr'><strong>bere,⁶</strong></span> <span class='ocrx_word' id='word_1_191' title='bbox 182 3343 270 3418; x_wconf 89' lang='lat' dir='ltr'><strong>nibil</strong></span> <span class='ocrx_word' id='word_1_192' title='bbox 286 3343 497 3442; x_wconf 78' lang='lat' dir='ltr'><strong>praecipere3</strong></span> <span class='ocrx_word' id='word_1_193' title='bbox 522 3369 598 3416; x_wconf 89' lang='lat' dir='ltr'><strong>rem</strong></span> <span class='ocrx_word' id='word_1_194' title='bbox 613 3344 720 3416; x_wconf 88' lang='lat' dir='ltr'><strong>atroci</strong></span> <span class='ocrx_word' id='word_1_195' title='bbox 736 3343 869 3416; x_wconf 89' lang='lat' dir='ltr'><strong>silentio</strong></span> <span class='ocrx_word' id='word_1_196' title='bbox 886 3367 1053 3438; x_wconf 88' lang='lat' dir='ltr'><strong>premere.</strong></span> <span class='ocrx_word' id='word_1_197' title='bbox 1082 3345 1216 3438; x_wconf 78' lang='lat' dir='ltr'><strong>Quere.</strong></span> <span class='ocrx_word' id='word_1_198' title='bbox 1287 3365 1295 3385; x_wconf 74' lang='lat'>=</span> 
     </span>
     <span class='ocr_line' id='line_1_27' title="bbox 44 3457 1216 3557; baseline -0.001 -23"><span class='ocrx_word' id='word_1_199' title='bbox 44 3461 97 3536; x_wconf 88' lang='lat' dir='ltr'><strong>las</strong></span> <span class='ocrx_word' id='word_1_200' title='bbox 113 3462 265 3536; x_wconf 85' lang='lat' dir='ltr'><strong>tandem</strong></span> <span class='ocrx_word' id='word_1_201' title='bbox 278 3460 426 3532; x_wconf 91' lang='lat' dir='ltr'><strong>elicuere</strong></span> <span class='ocrx_word' id='word_1_202' title='bbox 436 3458 538 3533; x_wconf 86' lang='lat' dir='ltr'><strong>missa</strong></span> <span class='ocrx_word' id='word_1_203' title='bbox 550 3458 703 3532; x_wconf 89' lang='lat' dir='ltr'><strong>Vindicis</strong></span> <span class='ocrx_word' id='word_1_204' title='bbox 720 3460 842 3546; x_wconf 86' lang='lat' dir='ltr'><strong>edicta,</strong></span> <span class='ocrx_word' id='word_1_205' title='bbox 855 3457 979 3554; x_wconf 91' lang='lat' dir='ltr'><strong>quibus</strong></span> <span class='ocrx_word' id='word_1_206' title='bbox 996 3474 1089 3529; x_wconf 90' lang='lat' dir='ltr'><strong>tanto</strong></span> <span class='ocrx_word' id='word_1_207' title='bbox 1107 3459 1216 3557; x_wconf 87' lang='lat' dir='ltr'><strong>magis</strong></span> 
     </span>
     <span class='ocr_line' id='line_1_28' title="bbox 41 3569 1217 3674; baseline -0.007 -16"><span class='ocrx_word' id='word_1_208' title='bbox 41 3575 252 3658; x_wconf 78' lang='lat' dir='ltr'><strong>irritabatur</strong></span> <span class='ocrx_word' id='word_1_209' title='bbox 268 3572 380 3665; x_wconf 90' lang='lat' dir='ltr'><strong>Nero,</strong></span> <span class='ocrx_word' id='word_1_210' title='bbox 405 3569 502 3674; x_wconf 80' lang='lat' dir='ltr'><strong>quod</strong></span> <span class='ocrx_word' id='word_1_211' title='bbox 519 3575 556 3648; x_wconf 91' lang='lat' dir='ltr'><strong>in</strong></span> <span class='ocrx_word' id='word_1_212' title='bbox 571 3573 610 3648; x_wconf 91' lang='lat' dir='ltr'><strong>iis</strong></span> <span class='ocrx_word' id='word_1_213' title='bbox 637 3575 817 3648; x_wconf 82' lang='lat' dir='ltr'><strong>citburoedi</strong></span> <span class='ocrx_word' id='word_1_214' title='bbox 842 3573 923 3644; x_wconf 72' lang='lat' dir='ltr'><strong>tituli</strong></span> <span class='ocrx_word' id='word_1_215' title='bbox 939 3587 973 3643; x_wconf 90' lang='lat' dir='ltr'><strong>et</strong></span> <span class='ocrx_word' id='word_1_216' title='bbox 990 3573 1217 3650; x_wconf 76' lang='lat' dir='ltr'><strong>Ahenobarbi</strong></span> 
     </span>
    </p>
   </div>
   <div class='ocr_carea' id='block_1_4' title="bbox 39 3841 1215 4492">
    <p class='ocr_par' dir='ltr' id='par_1_4' title="bbox 39 3841 1215 4492">
     <span class='ocr_line' id='line_1_29' title="bbox 86 3841 959 3932; baseline -0.002 -22"><span class='ocrx_word' id='word_1_217' title='bbox 86 3852 99 3879; x_wconf 81' lang='lat'><em>¹</em></span> <span class='ocrx_word' id='word_1_218' title='bbox 126 3852 283 3932; x_wconf 82' lang='lat' dir='ltr'><strong>Legatum.</strong></span> <span class='ocrx_word' id='word_1_219' title='bbox 325 3855 441 3911; x_wconf 87' lang='lat' dir='ltr'><strong>Suetou.</strong></span> <span class='ocrx_word' id='word_1_220' title='bbox 456 3855 526 3914; x_wconf 85' lang='lat' dir='ltr'><strong>ibid.</strong></span> <span class='ocrx_word' id='word_1_221' title='bbox 538 3855 606 3914; x_wconf 90' lang='lat' dir='ltr'><strong>Plu·</strong></span> <span class='ocrx_word' id='word_1_222' title='bbox 664 3841 959 3930; x_wconf 75' lang='lat' dir='ltr'><strong>praAttnbl.x1v.4.</strong></span> 
     </span>
     <span class='ocr_line' id='line_1_30' title="bbox 43 3925 1212 4010; baseline -0.006 -16"><span class='ocrx_word' id='word_1_223' title='bbox 43 3935 147 3994; x_wconf 83' lang='lat' dir='ltr'><strong>tarch.</strong></span> <span class='ocrx_word' id='word_1_224' title='bbox 167 3936 199 3990; x_wconf 87' lang='lat' dir='ltr'><strong>in</strong></span> <span class='ocrx_word' id='word_1_225' title='bbox 213 3933 321 4005; x_wconf 84' lang='lat' dir='ltr'><strong>Galbb,</strong></span> <span class='ocrx_word' id='word_1_226' title='bbox 343 3953 370 4010; x_wconf 94' lang='lat' dir='ltr'><strong>p.</strong></span> <span class='ocrx_word' id='word_1_227' title='bbox 386 3940 473 3993; x_wconf 82' lang='lat'><strong>1055.</strong></span> <span class='ocrx_word' id='word_1_228' title='bbox 599 3925 607 3945; x_wconf 77' lang='lat'><strong><em>&#39;</em></strong></span> <span class='ocrx_word' id='word_1_229' title='bbox 697 3930 881 4009; x_wconf 71' lang='lat' dir='ltr'><strong>*Spectata</strong></span> <span class='ocrx_word' id='word_1_230' title='bbox 925 3931 976 3988; x_wconf 86' lang='lat' dir='ltr'><strong>Pet·</strong></span> <span class='ocrx_word' id='word_1_231' title='bbox 991 3941 1115 4008; x_wconf 85' lang='lat' dir='ltr'><strong>quatuor</strong></span> <span class='ocrx_word' id='word_1_232' title='bbox 1129 3930 1212 4008; x_wconf 87' lang='lat' dir='ltr'><strong>quin·</strong></span> 
     </span>
     <span class='ocr_line' id='line_1_31' title="bbox 85 4011 1212 4092; baseline -0.003 -21"><span class='ocrx_word' id='word_1_233' title='bbox 85 4011 102 4038; x_wconf 80' lang='lat'><em>²</em></span> <span class='ocrx_word' id='word_1_234' title='bbox 137 4013 239 4072; x_wconf 80' lang='lat' dir='ltr'><strong>Morti</strong></span> <span class='ocrx_word' id='word_1_235' title='bbox 271 4014 450 4072; x_wconf 76' lang='lat' dir='ltr'><strong>destinatum.</strong></span> <span class='ocrx_word' id='word_1_236' title='bbox 490 4015 612 4089; x_wconf 66' lang='lat' dir='ltr'><strong>Sueton,</strong></span> <span class='ocrx_word' id='word_1_237' title='bbox 659 4025 819 4092; x_wconf 85' lang='lat' dir='ltr'><strong>quattuutn</strong></span> <span class='ocrx_word' id='word_1_238' title='bbox 834 4012 893 4069; x_wconf 84' lang='lat' dir='ltr'><strong>dies</strong></span> <span class='ocrx_word' id='word_1_239' title='bbox 907 4011 967 4067; x_wconf 84' lang='lat' dir='ltr'><strong>ludi</strong></span> <span class='ocrx_word' id='word_1_240' title='bbox 991 4012 1157 4081; x_wconf 80' lang='lat' dir='ltr'><strong>edebantur,</strong></span> <span class='ocrx_word' id='word_1_241' title='bbox 1179 4023 1212 4068; x_wconf 90' lang='lat' dir='ltr'><strong>ut</strong></span> 
     </span>
     <span class='ocr_line' id='line_1_32' title="bbox 39 4091 1212 4170; baseline -0.006 -14"><span class='ocrx_word' id='word_1_242' title='bbox 39 4094 73 4156; x_wconf 80' lang='lat' dir='ltr'><strong>itt</strong></span> <span class='ocrx_word' id='word_1_243' title='bbox 92 4091 211 4163; x_wconf 76' lang='lat' dir='ltr'><strong>Galba,</strong></span> <span class='ocrx_word' id='word_1_244' title='bbox 234 4113 265 4153; x_wconf 85' lang='lat' dir='ltr'><strong>tx</strong></span> <span class='ocrx_word' id='word_1_245' title='bbox 280 4109 308 4153; x_wconf 85' lang='lat' dir='ltr'><strong>ot</strong></span> <span class='ocrx_word' id='word_1_246' title='bbox 322 4114 354 4152; x_wconf 83' lang='lat' dir='ltr'><strong>x.</strong></span> <span class='ocrx_word' id='word_1_247' title='bbox 660 4106 739 4170; x_wconf 85' lang='lat' dir='ltr'><strong>patet</strong></span> <span class='ocrx_word' id='word_1_248' title='bbox 754 4114 790 4150; x_wconf 81' lang='lat' dir='ltr'><strong>ex</strong></span> <span class='ocrx_word' id='word_1_249' title='bbox 802 4093 916 4162; x_wconf 76' lang='lat' dir='ltr'><strong>Ovidis,</strong></span> <span class='ocrx_word' id='word_1_250' title='bbox 929 4109 1014 4166; x_wconf 88' lang='lat' dir='ltr'><strong>quem</strong></span> <span class='ocrx_word' id='word_1_251' title='bbox 1031 4091 1212 4150; x_wconf 83' lang='lat' dir='ltr'><strong>laudavimus</strong></span> 
     </span>
     <span class='ocr_line' id='line_1_33' title="bbox 86 4170 950 4234; baseline -0.006 -4"><span class='ocrx_word' id='word_1_252' title='bbox 86 4170 100 4204; x_wconf 80' lang='lat'><em>³</em></span> <span class='ocrx_word' id='word_1_253' title='bbox 132 4171 265 4234; x_wconf 74' lang='lat' dir='ltr'><strong>Momm</strong></span> <span class='ocrx_word' id='word_1_254' title='bbox 298 4175 450 4233; x_wconf 83' lang='lat' dir='ltr'><strong>occiderat.</strong></span> <span class='ocrx_word' id='word_1_255' title='bbox 490 4173 608 4231; x_wconf 77' lang='lat' dir='ltr'><strong>Sueton.</strong></span> <span class='ocrx_word' id='word_1_256' title='bbox 661 4173 950 4232; x_wconf 71' lang='lat' dir='ltr'><strong>adAuual.x1v.4.</strong></span> 
     </span>
     <span class='ocr_line' id='line_1_34' title="bbox 40 4249 1210 4314; baseline -0.004 -1"><span class='ocrx_word' id='word_1_257' title='bbox 40 4257 75 4313; x_wconf 90' lang='lat' dir='ltr'><strong>in</strong></span> <span class='ocrx_word' id='word_1_258' title='bbox 91 4256 175 4311; x_wconf 86' lang='lat' dir='ltr'><strong>Ner.</strong></span> <span class='ocrx_word' id='word_1_259' title='bbox 190 4273 243 4314; x_wconf 80' lang='lat' dir='ltr'><strong>xn.</strong></span> <span class='ocrx_word' id='word_1_260' title='bbox 286 4256 353 4312; x_wconf 86' lang='lat' dir='ltr'><strong>Post</strong></span> <span class='ocrx_word' id='word_1_261' title='bbox 366 4255 491 4312; x_wconf 85' lang='lat' dir='ltr'><strong>medium</strong></span> <span class='ocrx_word' id='word_1_262' title='bbox 508 4256 609 4312; x_wconf 78' lang='lat' dir='ltr'><strong>mensis</strong></span> <span class='ocrx_word' id='word_1_263' title='bbox 701 4251 896 4312; x_wconf 79' lang='lat' dir='ltr'><strong>⁵l&#39;raerluudl.</strong></span> <span class='ocrx_word' id='word_1_264' title='bbox 938 4249 1056 4310; x_wconf 79' lang='lat' dir='ltr'><strong>Sueten.</strong></span> <span class='ocrx_word' id='word_1_265' title='bbox 1090 4251 1119 4308; x_wconf 90' lang='lat' dir='ltr'><strong>in</strong></span> <span class='ocrx_word' id='word_1_266' title='bbox 1153 4250 1210 4310; x_wconf 87' lang='lat' dir='ltr'><strong>loc.</strong></span> 
     </span>
     <span class='ocr_line' id='line_1_35' title="bbox 43 4334 712 4412; baseline -0.006 -18"><span class='ocrx_word' id='word_1_267' title='bbox 43 4334 174 4404; x_wconf 86' lang='lat' dir='ltr'><strong>Martii,</strong></span> <span class='ocrx_word' id='word_1_268' title='bbox 195 4335 262 4393; x_wconf 76' lang='lat' dir='ltr'><strong>clm</strong></span> <span class='ocrx_word' id='word_1_269' title='bbox 276 4336 467 4412; x_wconf 84' lang='lat' dir='ltr'><strong>quinquatrus</strong></span> <span class='ocrx_word' id='word_1_270' title='bbox 486 4337 609 4393; x_wconf 75' lang='lat' dir='ltr'><strong>celebra·</strong></span> <span class='ocrx_word' id='word_1_271' title='bbox 662 4335 712 4396; x_wconf 87' lang='lat' dir='ltr'><strong>cit.</strong></span> 
     </span>
     <span class='ocr_line' id='line_1_36' title="bbox 42 4408 1215 4492; baseline 0.003 -20"><span class='ocrx_word' id='word_1_272' title='bbox 42 4418 176 4484; x_wconf 75' lang='lat' dir='ltr'><strong>bantur.</strong></span> <span class='ocrx_word' id='word_1_273' title='bbox 218 4416 295 4474; x_wconf 80' lang='lat' dir='ltr'><strong>Vide</strong></span> <span class='ocrx_word' id='word_1_274' title='bbox 309 4435 374 4492; x_wconf 88' lang='lat' dir='ltr'><strong>quae</strong></span> <span class='ocrx_word' id='word_1_275' title='bbox 386 4415 465 4474; x_wconf 89' lang='lat' dir='ltr'><strong>dicta</strong></span> <span class='ocrx_word' id='word_1_276' title='bbox 485 4429 552 4474; x_wconf 88' lang='lat' dir='ltr'><strong>sunt</strong></span> <span class='ocrx_word' id='word_1_277' title='bbox 564 4435 611 4473; x_wconf 88' lang='lat' dir='ltr'><strong>su·</strong></span> <span class='ocrx_word' id='word_1_278' title='bbox 703 4408 814 4472; x_wconf 80' lang='lat' dir='ltr'><strong>⁶Nibt&#39;l</strong></span> <span class='ocrx_word' id='word_1_279' title='bbox 827 4409 986 4470; x_wconf 81' lang='lat' dir='ltr'><strong>rescribere.</strong></span> <span class='ocrx_word' id='word_1_280' title='bbox 1009 4413 1125 4473; x_wconf 79' lang='lat' dir='ltr'><strong>Sueton.</strong></span> <span class='ocrx_word' id='word_1_281' title='bbox 1142 4411 1215 4480; x_wconf 71' lang='lat' dir='ltr'><strong>ibit.</strong></span> 
     </span>
    </p>
   </div>
   <div class='ocr_carea' id='block_1_5' title="bbox 0 0 1434 4950">
    <p class='ocr_par' dir='ltr' id='par_1_5' title="bbox 0 0 1434 4950">
     <span class='ocr_line' id='line_1_37' title="bbox 0 0 1434 4950; baseline 0 2"><span class='ocrx_word' id='word_1_282' title='bbox 0 0 1434 4950; x_wconf 95' lang='lat' dir='ltr'><strong> </strong></span> 
     </span>
    </p>
   </div>
  </div>
 </body>
</html>
