<?xml version="1.0" encoding="UTF-8"?>
<!DOCTYPE html PUBLIC "-//W3C//DTD XHTML 1.0 Transitional//EN"
    "http://www.w3.org/TR/xhtml1/DTD/xhtml1-transitional.dtd">
<html xmlns="http://www.w3.org/1999/xhtml" xml:lang="en" lang="en">
 <head>
  <title>
</title>
<meta http-equiv="Content-Type" content="text/html;charset=utf-8" />
  <meta name='ocr-system' content='tesseract 3.04.00' />
  <meta name='ocr-capabilities' content='ocr_page ocr_carea ocr_par ocr_line ocrx_word'/>
</head>
<body>
  <div class='ocr_page' id='page_1' title='image "./ccorntacitioper01valpgoog_0561.png"; bbox 0 0 2859 4950; ppageno 0'>
   <div class='ocr_carea' id='block_1_1' title="bbox 231 352 1211 439">
    <p class='ocr_par' dir='ltr' id='par_1_1' title="bbox 231 352 1211 439">
     <span class='ocr_line' id='line_1_1' title="bbox 231 352 1211 439; baseline 0.012 -21"><span class='ocrx_word' id='word_1_1' title='bbox 231 352 293 418; x_wconf 80' lang='lat' dir='ltr'>AD</span> <span class='ocrx_word' id='word_1_2' title='bbox 314 355 683 420; x_wconf 68' lang='lat' dir='ltr'>transmutans</span> <span class='ocrx_word' id='word_1_3' title='bbox 703 358 1021 429; x_wconf 76' lang='lat' dir='ltr'><strong>GERMANORUM.</strong></span> <span class='ocrx_word' id='word_1_4' title='bbox 1144 373 1211 439; x_wconf 76' lang='grc'><strong>1147,</strong></span> 
     </span>
    </p>
   </div>
   <div class='ocr_carea' id='block_1_2' title="bbox 34 502 1247 4523">
    <p class='ocr_par' dir='ltr' id='par_1_2' title="bbox 45 502 1242 936">
     <span class='ocr_line' id='line_1_2' title="bbox 49 502 1242 603; baseline 0.012 -27"><span class='ocrx_word' id='word_1_5' title='bbox 49 523 123 591; x_wconf 87' lang='lat' dir='ltr'>tum,</span> <span class='ocrx_word' id='word_1_6' title='bbox 136 508 164 577; x_wconf 84' lang='lat' dir='ltr'>si</span> <span class='ocrx_word' id='word_1_7' title='bbox 177 511 384 579; x_wconf 77' lang='lat' dir='ltr'>vetustissima</span> <span class='ocrx_word' id='word_1_8' title='bbox 398 511 522 594; x_wconf 83' lang='lat' dir='ltr'>Manui,</span> <span class='ocrx_word' id='word_1_9' title='bbox 541 512 796 603; x_wconf 84' lang='lat' dir='ltr'>Marsorumq&#39;ue,</span> <span class='ocrx_word' id='word_1_10' title='bbox 809 527 843 585; x_wconf 85' lang='lat' dir='ltr'>et</span> <span class='ocrx_word' id='word_1_11' title='bbox 858 515 1124 600; x_wconf 85' lang='lat' dir='ltr'>Gambriviorum,</span> <span class='ocrx_word' id='word_1_12' title='bbox 1139 522 1200 589; x_wconf 75' lang='lat' dir='ltr'>dte.</span> <span class='ocrx_word' id='word_1_13' title='bbox 1239 502 1242 507; x_wconf 27' lang='grc' dir='ltr'>Ι</span> 
     </span>
     <span class='ocr_line' id='line_1_3' title="bbox 47 623 1204 717; baseline 0.011 -30"><span class='ocrx_word' id='word_1_14' title='bbox 47 623 166 704; x_wconf 88' lang='lat' dir='ltr'>nomina</span> <span class='ocrx_word' id='word_1_15' title='bbox 180 624 384 710; x_wconf 76' lang='lat' dir='ltr'>spectaretis,</span> <span class='ocrx_word' id='word_1_16' title='bbox 413 638 447 690; x_wconf 91' lang='lat' dir='ltr'>ut</span> <span class='ocrx_word' id='word_1_17' title='bbox 463 625 533 711; x_wconf 84' lang='lat' dir='ltr'>jam</span> <span class='ocrx_word' id='word_1_18' title='bbox 555 625 733 695; x_wconf 85' lang='lat' dir='ltr'>monuimus</span> <span class='ocrx_word' id='word_1_19' title='bbox 755 626 786 693; x_wconf 90' lang='lat' dir='ltr'>in</span> <span class='ocrx_word' id='word_1_20' title='bbox 807 628 899 697; x_wconf 85' lang='lat' dir='ltr'>notis.</span> <span class='ocrx_word' id='word_1_21' title='bbox 944 628 1018 695; x_wconf 87' lang='lat' dir='ltr'>Nec</span> <span class='ocrx_word' id='word_1_22' title='bbox 1040 632 1204 717; x_wconf 75' lang='lat' dir='ltr'>negotium·</span> 
     </span>
     <span class='ocr_line' id='line_1_4' title="bbox 47 736 1199 827; baseline 0.01 -28"><span class='ocrx_word' id='word_1_23' title='bbox 47 737 182 813; x_wconf 85' lang='lat' dir='ltr'>facessat,</span> <span class='ocrx_word' id='word_1_24' title='bbox 197 759 295 823; x_wconf 82' lang='lat' dir='ltr'>nuper</span> <span class='ocrx_word' id='word_1_25' title='bbox 308 736 461 803; x_wconf 82' lang='lat' dir='ltr'>additum.</span> <span class='ocrx_word' id='word_1_26' title='bbox 507 736 585 804; x_wconf 91' lang='lat' dir='ltr'>Non</span> <span class='ocrx_word' id='word_1_27' title='bbox 599 740 695 805; x_wconf 86' lang='lat' dir='ltr'>modb</span> <span class='ocrx_word' id='word_1_28' title='bbox 709 740 748 804; x_wconf 92' lang='lat' dir='ltr'>de</span> <span class='ocrx_word' id='word_1_29' title='bbox 767 740 874 827; x_wconf 79' lang='lat' dir='ltr'>paucis</span> <span class='ocrx_word' id='word_1_30' title='bbox 890 740 1047 809; x_wconf 83' lang='lat' dir='ltr'>mensibus</span> <span class='ocrx_word' id='word_1_31' title='bbox 1062 742 1199 827; x_wconf 78' lang='lat' dir='ltr'>nudave,</span> 
     </span>
     <span class='ocr_line' id='line_1_5' title="bbox 45 847 574 936; baseline 0.006 -25"><span class='ocrx_word' id='word_1_32' title='bbox 45 848 201 912; x_wconf 85' lang='lat' dir='ltr'>sedetiam</span> <span class='ocrx_word' id='word_1_33' title='bbox 216 847 328 914; x_wconf 84' lang='lat' dir='ltr'>seculis</span> <span class='ocrx_word' id='word_1_34' title='bbox 343 870 441 936; x_wconf 81' lang='lat' dir='ltr'><em>nuper</em></span> <span class='ocrx_word' id='word_1_35' title='bbox 454 848 574 915; x_wconf 88' lang='lat' dir='ltr'>dicitur.</span> 
     </span>
    </p>

    <p class='ocr_par' dir='ltr' id='par_1_3' title="bbox 44 960 1199 1141">
     <span class='ocr_line' id='line_1_6' title="bbox 85 960 1199 1057; baseline 0.007 -30"><span class='ocrx_word' id='word_1_36' title='bbox 85 961 135 1027; x_wconf 86' lang='lat' dir='ltr'>Ae</span> <span class='ocrx_word' id='word_1_37' title='bbox 148 983 230 1027; x_wconf 83' lang='lat' dir='ltr'>nnnc</span> <span class='ocrx_word' id='word_1_38' title='bbox 247 960 379 1051; x_wconf 78' lang='lat' dir='ltr'>Tungri.</span> <span class='ocrx_word' id='word_1_39' title='bbox 422 960 511 1027; x_wconf 76' lang='lat' dir='ltr'>Bene</span> <span class='ocrx_word' id='word_1_40' title='bbox 526 960 652 1048; x_wconf 79' lang='lat' dir='ltr'>lipsius</span> <span class='ocrx_word' id='word_1_41' title='bbox 665 963 689 1035; x_wconf 80' lang='grc' dir='ltr'>ὲ,</span> <span class='ocrx_word' id='word_1_42' title='bbox 698 961 778 1031; x_wconf 89' lang='lat' dir='ltr'>MS.</span> <span class='ocrx_word' id='word_1_43' title='bbox 795 960 963 1051; x_wconf 79' lang='lat' dir='ltr'>Bamberg.</span> <span class='ocrx_word' id='word_1_44' title='bbox 1008 962 1058 1032; x_wconf 85' lang='lat' dir='ltr'>Its</span> <span class='ocrx_word' id='word_1_45' title='bbox 1072 990 1199 1057; x_wconf 87' lang='lat' dir='ltr'>quoque</span> 
     </span>
     <span class='ocr_line' id='line_1_7' title="bbox 44 1071 895 1141; baseline 0.001 -4"><span class='ocrx_word' id='word_1_46' title='bbox 44 1071 189 1139; x_wconf 70' lang='lat' dir='ltr'>editiones</span> <span class='ocrx_word' id='word_1_47' title='bbox 203 1086 333 1141; x_wconf 84' lang='lat' dir='ltr'>veteres.</span> <span class='ocrx_word' id='word_1_48' title='bbox 734 1124 735 1127; x_wconf 63' lang='lat'>,</span> <span class='ocrx_word' id='word_1_49' title='bbox 887 1100 895 1138; x_wconf 84' lang='grc'>1</span> 
     </span>
    </p>

    <p class='ocr_par' dir='ltr' id='par_1_4' title="bbox 44 1182 1247 1385">
     <span class='ocr_line' id='line_1_8' title="bbox 85 1182 1247 1273; baseline 0.012 -25"><span class='ocrx_word' id='word_1_50' title='bbox 85 1182 170 1249; x_wconf 86' lang='lat' dir='ltr'>Tunc</span> <span class='ocrx_word' id='word_1_51' title='bbox 195 1182 360 1251; x_wconf 79' lang='lat' dir='ltr'><strong><em>Germani.</em></strong></span> <span class='ocrx_word' id='word_1_52' title='bbox 404 1184 494 1251; x_wconf 74' lang='lat' dir='ltr'>Male</span> <span class='ocrx_word' id='word_1_53' title='bbox 518 1187 551 1251; x_wconf 92' lang='lat' dir='ltr'>in</span> <span class='ocrx_word' id='word_1_54' title='bbox 577 1184 684 1252; x_wconf 87' lang='lat' dir='ltr'>multia</span> <span class='ocrx_word' id='word_1_55' title='bbox 711 1185 898 1255; x_wconf 75' lang='lat' dir='ltr'>editionibus</span> <span class='ocrx_word' id='word_1_56' title='bbox 925 1189 1092 1273; x_wconf 83' lang='lat' dir='ltr'>veteribus,</span> <span class='ocrx_word' id='word_1_57' title='bbox 1114 1214 1197 1260; x_wconf 75' lang='lat' dir='ltr'>nnnc</span> <span class='ocrx_word' id='word_1_58' title='bbox 1243 1254 1247 1262; x_wconf 89' lang='lat'><strong>.</strong></span> 
     </span>
     <span class='ocr_line' id='line_1_9' title="bbox 44 1293 1073 1385; baseline 0.007 -25"><span class='ocrx_word' id='word_1_59' title='bbox 44 1293 206 1361; x_wconf 81' lang='lat' dir='ltr'>Germani.</span> <span class='ocrx_word' id='word_1_60' title='bbox 251 1296 339 1361; x_wconf 70' lang='lat' dir='ltr'>Bene</span> <span class='ocrx_word' id='word_1_61' title='bbox 353 1296 460 1363; x_wconf 86' lang='lat' dir='ltr'>inaliis</span> <span class='ocrx_word' id='word_1_62' title='bbox 471 1311 503 1363; x_wconf 92' lang='lat' dir='ltr'>et</span> <span class='ocrx_word' id='word_1_63' title='bbox 515 1297 548 1363; x_wconf 92' lang='lat' dir='ltr'>in</span> <span class='ocrx_word' id='word_1_64' title='bbox 563 1295 666 1365; x_wconf 89' lang='lat' dir='ltr'>MSS.</span> <span class='ocrx_word' id='word_1_65' title='bbox 683 1297 852 1385; x_wconf 78' lang='lat' dir='ltr'>Bamberg.</span> <span class='ocrx_word' id='word_1_66' title='bbox 863 1298 974 1366; x_wconf 84' lang='lat' dir='ltr'>Turio.</span> <span class='ocrx_word' id='word_1_67' title='bbox 988 1312 1073 1369; x_wconf 85' lang='lat' dir='ltr'>tunc.</span> 
     </span>
    </p>

    <p class='ocr_par' dir='ltr' id='par_1_5' title="bbox 40 1406 1219 1699">
     <span class='ocr_line' id='line_1_10' title="bbox 85 1406 1197 1484; baseline 0.009 -13"><span class='ocrx_word' id='word_1_68' title='bbox 85 1406 196 1475; x_wconf 79' lang='lat' dir='ltr'>Vocati</span> <span class='ocrx_word' id='word_1_69' title='bbox 215 1408 289 1475; x_wconf 81' lang='lat' dir='ltr'>sint.</span> <span class='ocrx_word' id='word_1_70' title='bbox 333 1406 384 1474; x_wconf 85' lang='lat' dir='ltr'>lta</span> <span class='ocrx_word' id='word_1_71' title='bbox 406 1408 485 1474; x_wconf 88' lang='lat' dir='ltr'>MS.</span> <span class='ocrx_word' id='word_1_72' title='bbox 500 1408 601 1474; x_wconf 84' lang='lat' dir='ltr'>Vatic.</span> <span class='ocrx_word' id='word_1_73' title='bbox 616 1417 713 1484; x_wconf 92' lang='grc'><strong>4498.</strong></span> <span class='ocrx_word' id='word_1_74' title='bbox 738 1422 770 1475; x_wconf 89' lang='lat' dir='ltr'>et</span> <span class='ocrx_word' id='word_1_75' title='bbox 789 1412 886 1477; x_wconf 72' lang='lat' dir='ltr'>ferme</span> <span class='ocrx_word' id='word_1_76' title='bbox 906 1410 976 1479; x_wconf 86' lang='lat' dir='ltr'>libri</span> <span class='ocrx_word' id='word_1_77' title='bbox 991 1436 1098 1479; x_wconf 88' lang='lat' dir='ltr'>omnes</span> <span class='ocrx_word' id='word_1_78' title='bbox 1112 1414 1197 1481; x_wconf 87' lang='lat' dir='ltr'>editi.</span> 
     </span>
     <span class='ocr_line' id='line_1_11' title="bbox 40 1514 1219 1609; baseline 0.005 -26"><span class='ocrx_word' id='word_1_79' title='bbox 40 1514 76 1583; x_wconf 88' lang='lat' dir='ltr'>In</span> <span class='ocrx_word' id='word_1_80' title='bbox 94 1519 161 1586; x_wconf 80' lang='lat' dir='ltr'>aliis</span> <span class='ocrx_word' id='word_1_81' title='bbox 183 1520 288 1588; x_wconf 86' lang='lat' dir='ltr'><strong>MSS.</strong></span> <span class='ocrx_word' id='word_1_82' title='bbox 303 1520 406 1587; x_wconf 78' lang='lat' dir='ltr'>Vatis.</span> <span class='ocrx_word' id='word_1_83' title='bbox 421 1534 453 1587; x_wconf 90' lang='lat' dir='ltr'>et</span> <span class='ocrx_word' id='word_1_84' title='bbox 466 1519 498 1585; x_wconf 89' lang='lat' dir='ltr'>in</span> <span class='ocrx_word' id='word_1_85' title='bbox 512 1520 698 1587; x_wconf 75' lang='lat' dir='ltr'>editionibus</span> <span class='ocrx_word' id='word_1_86' title='bbox 713 1522 816 1607; x_wconf 85' lang='lat' dir='ltr'>Rhag.</span> <span class='ocrx_word' id='word_1_87' title='bbox 831 1534 863 1591; x_wconf 88' lang='lat' dir='ltr'>et</span> <span class='ocrx_word' id='word_1_88' title='bbox 884 1524 986 1609; x_wconf 87' lang='lat' dir='ltr'>Rben.</span> <span class='ocrx_word' id='word_1_89' title='bbox 1002 1548 1083 1592; x_wconf 83' lang='lat' dir='ltr'>auno</span> <span class='ocrx_word' id='word_1_90' title='bbox 1102 1534 1198 1601; x_wconf 83' lang='grc'><strong>1519.</strong></span> <span class='ocrx_word' id='word_1_91' title='bbox 1214 1590 1219 1602; x_wconf 68' lang='grc'>,</span> 
     </span>
     <span class='ocr_line' id='line_1_12' title="bbox 40 1633 230 1699; baseline 0.021 -4"><span class='ocrx_word' id='word_1_92' title='bbox 40 1633 230 1699; x_wconf 75' lang='lat' dir='ltr'>euenissent.</span> 
     </span>
    </p>

    <p class='ocr_par' dir='ltr' id='par_1_6' title="bbox 41 1741 1195 1940">
     <span class='ocr_line' id='line_1_13' title="bbox 82 1741 1195 1837; baseline 0.004 -28"><span class='ocrx_word' id='word_1_93' title='bbox 82 1743 155 1811; x_wconf 85' lang='lat' dir='ltr'>Non</span> <span class='ocrx_word' id='word_1_94' title='bbox 187 1745 301 1835; x_wconf 79' lang='lat' dir='ltr'>gentis.</span> <span class='ocrx_word' id='word_1_95' title='bbox 359 1742 478 1809; x_wconf 83' lang='lat' dir='ltr'>Mallet</span> <span class='ocrx_word' id='word_1_96' title='bbox 513 1741 693 1824; x_wconf 60' lang='lat' dir='ltr'>Acidalins,</span> <span class='ocrx_word' id='word_1_97' title='bbox 720 1744 755 1809; x_wconf 85' lang='grc'>111</span> <span class='ocrx_word' id='word_1_98' title='bbox 794 1747 913 1833; x_wconf 84' lang='lat' dir='ltr'>gentis:</span> <span class='ocrx_word' id='word_1_99' title='bbox 957 1764 1016 1815; x_wconf 90' lang='lat' dir='ltr'>nec</span> <span class='ocrx_word' id='word_1_100' title='bbox 1051 1747 1195 1837; x_wconf 87' lang='lat' dir='ltr'>displicet</span> 
     </span>
     <span class='ocr_line' id='line_1_14' title="bbox 41 1853 969 1940; baseline -0.001 -19"><span class='ocrx_word' id='word_1_101' title='bbox 41 1854 87 1921; x_wconf 83' lang='lat' dir='ltr'>Cl.</span> <span class='ocrx_word' id='word_1_102' title='bbox 102 1856 248 1922; x_wconf 80' lang='lat' dir='ltr'>Ernesto.</span> <span class='ocrx_word' id='word_1_103' title='bbox 293 1853 383 1920; x_wconf 91' lang='lat' dir='ltr'>Nihil</span> <span class='ocrx_word' id='word_1_104' title='bbox 397 1868 501 1920; x_wconf 86' lang='lat' dir='ltr'>tamen</span> <span class='ocrx_word' id='word_1_105' title='bbox 514 1855 708 1921; x_wconf 83' lang='lat' dir='ltr'>mutaverim.</span> <span class='ocrx_word' id='word_1_106' title='bbox 967 1936 969 1940; x_wconf 19' lang='grc' dir='ltr'>ι</span> 
     </span>
    </p>

    <p class='ocr_par' dir='ltr' id='par_1_7' title="bbox 37 1964 1196 2287">
     <span class='ocr_line' id='line_1_15' title="bbox 78 1964 1194 2050; baseline 0.003 -16"><span class='ocrx_word' id='word_1_107' title='bbox 78 1968 111 2034; x_wconf 83' lang='lat' dir='ltr'><em>A</em></span> <span class='ocrx_word' id='word_1_108' title='bbox 126 1969 254 2035; x_wconf 80' lang='lat' dir='ltr'>victore.</span> <span class='ocrx_word' id='word_1_109' title='bbox 299 1966 427 2033; x_wconf 77' lang='lat' dir='ltr'>Frustra</span> <span class='ocrx_word' id='word_1_110' title='bbox 442 1966 622 2036; x_wconf 85' lang='lat' dir='ltr'>Gronovius</span> <span class='ocrx_word' id='word_1_111' title='bbox 636 1980 742 2049; x_wconf 85' lang='lat' dir='ltr'>tentat,</span> <span class='ocrx_word' id='word_1_112' title='bbox 757 1964 777 2035; x_wconf 82' lang='lat' dir='ltr'>d</span> <span class='ocrx_word' id='word_1_113' title='bbox 792 1968 926 2050; x_wconf 64' lang='lat' dir='ltr'>uictrice,</span> <span class='ocrx_word' id='word_1_114' title='bbox 942 1982 976 2037; x_wconf 91' lang='lat' dir='ltr'>ut</span> <span class='ocrx_word' id='word_1_115' title='bbox 986 1972 1025 2035; x_wconf 88' lang='lat' dir='ltr'>ad</span> <span class='ocrx_word' id='word_1_116' title='bbox 1038 1968 1194 2038; x_wconf 86' lang='lat' dir='ltr'>nationein</span> 
     </span>
     <span class='ocr_line' id='line_1_16' title="bbox 37 2077 1196 2166; baseline 0.006 -23"><span class='ocrx_word' id='word_1_117' title='bbox 37 2082 191 2147; x_wconf 82' lang='lat' dir='ltr'>referattu.</span> <span class='ocrx_word' id='word_1_118' title='bbox 238 2078 290 2145; x_wconf 89' lang='lat' dir='ltr'>Cl.</span> <span class='ocrx_word' id='word_1_119' title='bbox 309 2077 494 2157; x_wconf 65' lang='lat' dir='ltr'>leibnitius,</span> <span class='ocrx_word' id='word_1_120' title='bbox 520 2079 541 2143; x_wconf 82' lang='lat' dir='ltr'>d</span> <span class='ocrx_word' id='word_1_121' title='bbox 564 2080 655 2159; x_wconf 84' lang='lat' dir='ltr'>victo,</span> <span class='ocrx_word' id='word_1_122' title='bbox 679 2080 765 2166; x_wconf 83' lang='lat' dir='ltr'>quasi</span> <span class='ocrx_word' id='word_1_123' title='bbox 789 2078 1020 2147; x_wconf 89' lang='lat' dir='ltr'>Germanorum</span> <span class='ocrx_word' id='word_1_124' title='bbox 1038 2106 1153 2149; x_wconf 88' lang='lat' dir='ltr'>nomen</span> <span class='ocrx_word' id='word_1_125' title='bbox 1174 2080 1196 2149; x_wconf 77' lang='grc'>1.</span> 
     </span>
     <span class='ocr_line' id='line_1_17' title="bbox 39 2179 846 2287; baseline 0.002 -32"><span class='ocrx_word' id='word_1_126' title='bbox 39 2189 136 2259; x_wconf 87' lang='lat' dir='ltr'>Gallis</span> <span class='ocrx_word' id='word_1_127' title='bbox 149 2191 296 2287; x_wconf 69' lang='lat' dir='ltr'>victis‚pt</span> <span class='ocrx_word' id='word_1_128' title='bbox 309 2189 421 2257; x_wconf 89' lang='lat' dir='ltr'>timore</span> <span class='ocrx_word' id='word_1_129' title='bbox 437 2188 585 2276; x_wconf 82' lang='lat' dir='ltr'>perculsis</span> <span class='ocrx_word' id='word_1_130' title='bbox 600 2190 692 2255; x_wconf 83' lang='lat' dir='ltr'>fuerit</span> <span class='ocrx_word' id='word_1_131' title='bbox 705 2179 846 2257; x_wconf 83' lang='lat' dir='ltr'>inditum.</span> 
     </span>
    </p>

    <p class='ocr_par' dir='ltr' id='par_1_8' title="bbox 37 2300 1195 2496">
     <span class='ocr_line' id='line_1_18' title="bbox 81 2300 1195 2383; baseline 0 -13"><span class='ocrx_word' id='word_1_132' title='bbox 81 2304 130 2370; x_wconf 84' lang='lat' dir='ltr'>Ob</span> <span class='ocrx_word' id='word_1_133' title='bbox 151 2316 279 2372; x_wconf 71' lang='lat' dir='ltr'>nurum.</span> <span class='ocrx_word' id='word_1_134' title='bbox 324 2302 480 2368; x_wconf 82' lang='lat' dir='ltr'><strong>Emendat</strong></span> <span class='ocrx_word' id='word_1_135' title='bbox 503 2300 554 2367; x_wconf 90' lang='lat' dir='ltr'>Cl.</span> <span class='ocrx_word' id='word_1_136' title='bbox 568 2301 652 2368; x_wconf 78' lang='lat' dir='ltr'>dela</span> <span class='ocrx_word' id='word_1_137' title='bbox 669 2300 817 2383; x_wconf 85' lang='lat' dir='ltr'>Bleterie,</span> <span class='ocrx_word' id='word_1_138' title='bbox 837 2302 881 2367; x_wconf 88' lang='lat' dir='ltr'>nd</span> <span class='ocrx_word' id='word_1_139' title='bbox 900 2314 1024 2369; x_wconf 82' lang='lat' dir='ltr'>metune.</span> <span class='ocrx_word' id='word_1_140' title='bbox 1067 2300 1114 2369; x_wconf 88' lang='lat' dir='ltr'>At</span> <span class='ocrx_word' id='word_1_141' title='bbox 1134 2326 1195 2371; x_wconf 88' lang='lat' dir='ltr'>nec</span> 
     </span>
     <span class='ocr_line' id='line_1_19' title="bbox 37 2415 320 2496; baseline -0.011 -14"><span class='ocrx_word' id='word_1_142' title='bbox 37 2415 125 2496; x_wconf 75' lang='grc'><strong>1111111,</strong></span> <span class='ocrx_word' id='word_1_143' title='bbox 139 2417 178 2485; x_wconf 81' lang='lat' dir='ltr'>od</span> <span class='ocrx_word' id='word_1_144' title='bbox 192 2426 320 2484; x_wconf 78' lang='lat' dir='ltr'>metum.</span> 
     </span>
    </p>

    <p class='ocr_par' dir='ltr' id='par_1_9' title="bbox 36 2525 1194 2842">
     <span class='ocr_line' id='line_1_20' title="bbox 78 2525 1194 2616; baseline -0.001 -20"><span class='ocrx_word' id='word_1_145' title='bbox 78 2528 157 2596; x_wconf 81' lang='lat' dir='ltr'>Mon</span> <span class='ocrx_word' id='word_1_146' title='bbox 175 2527 326 2616; x_wconf 75' lang='lat' dir='ltr'>dscipsis.</span> <span class='ocrx_word' id='word_1_147' title='bbox 369 2525 420 2594; x_wconf 88' lang='lat' dir='ltr'>Ita</span> <span class='ocrx_word' id='word_1_148' title='bbox 434 2526 513 2594; x_wconf 90' lang='lat' dir='ltr'>MS.</span> <span class='ocrx_word' id='word_1_149' title='bbox 527 2527 631 2596; x_wconf 74' lang='lat' dir='ltr'>vnto.</span> <span class='ocrx_word' id='word_1_150' title='bbox 645 2529 743 2602; x_wconf 77' lang='lat'><strong>2964.</strong></span> <span class='ocrx_word' id='word_1_151' title='bbox 765 2541 797 2594; x_wconf 89' lang='lat' dir='ltr'>et</span> <span class='ocrx_word' id='word_1_152' title='bbox 811 2525 882 2594; x_wconf 84' lang='lat' dir='ltr'>libri</span> <span class='ocrx_word' id='word_1_153' title='bbox 901 2527 985 2594; x_wconf 89' lang='lat' dir='ltr'>editi.</span> <span class='ocrx_word' id='word_1_154' title='bbox 1028 2525 1069 2593; x_wconf 87' lang='lat' dir='ltr'>In</span> <span class='ocrx_word' id='word_1_155' title='bbox 1089 2525 1194 2595; x_wconf 87' lang='lat' dir='ltr'><strong>MSS.</strong></span> 
     </span>
     <span class='ocr_line' id='line_1_21' title="bbox 36 2638 1194 2727; baseline 0.002 -23"><span class='ocrx_word' id='word_1_156' title='bbox 36 2638 133 2708; x_wconf 87' lang='lat' dir='ltr'>Vatic.</span> <span class='ocrx_word' id='word_1_157' title='bbox 152 2649 237 2710; x_wconf 81' lang='lat'>1518</span> <span class='ocrx_word' id='word_1_158' title='bbox 260 2653 292 2706; x_wconf 89' lang='lat' dir='ltr'>et</span> <span class='ocrx_word' id='word_1_159' title='bbox 313 2648 413 2715; x_wconf 88' lang='grc'><strong>4498.</strong></span> <span class='ocrx_word' id='word_1_160' title='bbox 435 2662 507 2708; x_wconf 80' lang='lat' dir='ltr'>mor</span> <span class='ocrx_word' id='word_1_161' title='bbox 527 2650 558 2706; x_wconf 82' lang='lat' dir='ltr'>et</span> <span class='ocrx_word' id='word_1_162' title='bbox 579 2638 601 2706; x_wconf 84' lang='lat' dir='ltr'>d</span> <span class='ocrx_word' id='word_1_163' title='bbox 621 2639 736 2727; x_wconf 73' lang='lat' dir='ltr'>seipsis.</span> <span class='ocrx_word' id='word_1_164' title='bbox 782 2638 859 2706; x_wconf 90' lang='lat' dir='ltr'>MS.</span> <span class='ocrx_word' id='word_1_165' title='bbox 874 2639 976 2705; x_wconf 84' lang='lat' dir='ltr'>Vatic.</span> <span class='ocrx_word' id='word_1_166' title='bbox 1002 2639 1094 2705; x_wconf 81' lang='lat' dir='ltr'>moe.</span> <span class='ocrx_word' id='word_1_167' title='bbox 1122 2661 1194 2706; x_wconf 75' lang='lat' dir='ltr'>nna</span> 
     </span>
     <span class='ocr_line' id='line_1_22' title="bbox 36 2747 910 2842; baseline -0.002 -24"><span class='ocrx_word' id='word_1_168' title='bbox 36 2753 124 2818; x_wconf 78' lang='lat' dir='ltr'>etiam</span> <span class='ocrx_word' id='word_1_169' title='bbox 137 2753 159 2820; x_wconf 79' lang='lat' dir='ltr'>d</span> <span class='ocrx_word' id='word_1_170' title='bbox 172 2753 289 2842; x_wconf 83' lang='lat' dir='ltr'>seipsis.</span> <span class='ocrx_word' id='word_1_171' title='bbox 333 2751 425 2818; x_wconf 72' lang='lat' dir='ltr'>Male</span> <span class='ocrx_word' id='word_1_172' title='bbox 439 2753 584 2818; x_wconf 86' lang='lat' dir='ltr'>emendat</span> <span class='ocrx_word' id='word_1_173' title='bbox 598 2751 737 2837; x_wconf 84' lang='lat' dir='ltr'>Lipsius,</span> <span class='ocrx_word' id='word_1_174' title='bbox 751 2747 771 2817; x_wconf 83' lang='lat' dir='ltr'>d</span> <span class='ocrx_word' id='word_1_175' title='bbox 786 2774 819 2816; x_wconf 85' lang='lat' dir='ltr'>re</span> <span class='ocrx_word' id='word_1_176' title='bbox 833 2749 910 2838; x_wconf 82' lang='lat' dir='ltr'>ipsd.</span> 
     </span>
    </p>

    <p class='ocr_par' dir='ltr' id='par_1_10' title="bbox 34 2861 1243 4523">
     <span class='ocr_line' id='line_1_23' title="bbox 77 2861 1195 2950; baseline -0.001 -20"><span class='ocrx_word' id='word_1_177' title='bbox 77 2863 235 2932; x_wconf 78' lang='lat' dir='ltr'>Germani</span> <span class='ocrx_word' id='word_1_178' title='bbox 247 2874 443 2930; x_wconf 81' lang='lat' dir='ltr'>vocarentur.</span> <span class='ocrx_word' id='word_1_179' title='bbox 488 2863 659 2950; x_wconf 82' lang='lat' dir='ltr'>Perperam</span> <span class='ocrx_word' id='word_1_180' title='bbox 682 2861 809 2949; x_wconf 84' lang='lat' dir='ltr'>Lipsius</span> <span class='ocrx_word' id='word_1_181' title='bbox 827 2865 982 2950; x_wconf 83' lang='lat' dir='ltr'>approbat</span> <span class='ocrx_word' id='word_1_182' title='bbox 1003 2861 1082 2930; x_wconf 92' lang='lat' dir='ltr'>MS.</span> <span class='ocrx_word' id='word_1_183' title='bbox 1098 2863 1195 2929; x_wconf 81' lang='lat' dir='ltr'>Batn-</span> 
     </span>
     <span class='ocr_line' id='line_1_24' title="bbox 35 2973 1194 3066; baseline 0.001 -26"><span class='ocrx_word' id='word_1_184' title='bbox 35 2975 118 3063; x_wconf 79' lang='lat' dir='ltr'>berg.</span> <span class='ocrx_word' id='word_1_185' title='bbox 132 2974 152 3042; x_wconf 77' lang='lat' dir='ltr'>d</span> <span class='ocrx_word' id='word_1_186' title='bbox 166 2999 233 3066; x_wconf 89' lang='lat' dir='ltr'>quo</span> <span class='ocrx_word' id='word_1_187' title='bbox 247 2978 345 3053; x_wconf 84' lang='lat' dir='ltr'>abest,</span> <span class='ocrx_word' id='word_1_188' title='bbox 362 2975 533 3054; x_wconf 78' lang='lat' dir='ltr'>Gennnni3</span> <span class='ocrx_word' id='word_1_189' title='bbox 547 2974 716 3062; x_wconf 88' lang='lat' dir='ltr'>locumque</span> <span class='ocrx_word' id='word_1_190' title='bbox 730 2973 774 3040; x_wconf 86' lang='lat' dir='ltr'>its</span> <span class='ocrx_word' id='word_1_191' title='bbox 785 2973 1012 3060; x_wconf 85' lang='lat' dir='ltr'>interpretatur,</span> <span class='ocrx_word' id='word_1_192' title='bbox 1027 2988 1063 3041; x_wconf 94' lang='lat' dir='ltr'>ut</span> <span class='ocrx_word' id='word_1_193' title='bbox 1075 2997 1194 3060; x_wconf 84' lang='lat' dir='ltr'>omnes,</span> 
     </span>
     <span class='ocr_line' id='line_1_25' title="bbox 36 3085 1194 3174; baseline 0 -22"><span class='ocrx_word' id='word_1_194' title='bbox 36 3088 86 3174; x_wconf 85' lang='lat' dir='ltr'>qui</span> <span class='ocrx_word' id='word_1_195' title='bbox 104 3088 251 3156; x_wconf 83' lang='lat' dir='ltr'>Rhenum</span> <span class='ocrx_word' id='word_1_196' title='bbox 264 3085 450 3166; x_wconf 76' lang='lat' dir='ltr'>accelerent,</span> <span class='ocrx_word' id='word_1_197' title='bbox 466 3109 580 3152; x_wconf 89' lang='lat' dir='ltr'>nomen</span> <span class='ocrx_word' id='word_1_198' title='bbox 598 3089 639 3152; x_wconf 87' lang='lat' dir='ltr'>ab</span> <span class='ocrx_word' id='word_1_199' title='bbox 656 3086 716 3152; x_wconf 78' lang='lat' dir='ltr'>ists</span> <span class='ocrx_word' id='word_1_200' title='bbox 737 3085 860 3151; x_wconf 85' lang='lat' dir='ltr'>victrice</span> <span class='ocrx_word' id='word_1_201' title='bbox 874 3086 996 3152; x_wconf 76' lang='lat' dir='ltr'>nodone</span> <span class='ocrx_word' id='word_1_202' title='bbox 1016 3087 1194 3170; x_wconf 85' lang='lat' dir='ltr'>invenirent,</span> 
     </span>
     <span class='ocr_line' id='line_1_26' title="bbox 37 3191 1243 3285; baseline 0.002 -23"><span class='ocrx_word' id='word_1_203' title='bbox 37 3202 76 3263; x_wconf 91' lang='lat' dir='ltr'>ob</span> <span class='ocrx_word' id='word_1_204' title='bbox 89 3213 213 3268; x_wconf 85' lang='lat' dir='ltr'>metum</span> <span class='ocrx_word' id='word_1_205' title='bbox 234 3197 351 3265; x_wconf 84' lang='lat' dir='ltr'>scilicet</span> <span class='ocrx_word' id='word_1_206' title='bbox 371 3211 526 3264; x_wconf 85' lang='lat' dir='ltr'>recentem</span> <span class='ocrx_word' id='word_1_207' title='bbox 549 3197 734 3264; x_wconf 81' lang='lat' dir='ltr'>Gallorum:</span> <span class='ocrx_word' id='word_1_208' title='bbox 758 3196 867 3264; x_wconf 86' lang='lat' dir='ltr'>deinde</span> <span class='ocrx_word' id='word_1_209' title='bbox 890 3196 940 3264; x_wconf 86' lang='lat' dir='ltr'>isti</span> <span class='ocrx_word' id='word_1_210' title='bbox 961 3197 1088 3285; x_wconf 76' lang='lat' dir='ltr'>proprie</span> <span class='ocrx_word' id='word_1_211' title='bbox 1110 3197 1194 3264; x_wconf 87' lang='lat' dir='ltr'>Ger·</span> <span class='ocrx_word' id='word_1_212' title='bbox 1240 3191 1243 3200; x_wconf 76' lang='grc'><strong>’</strong></span> 
     </span>
     <span class='ocr_line' id='line_1_27' title="bbox 36 3307 1193 3396; baseline 0.001 -21"><span class='ocrx_word' id='word_1_213' title='bbox 36 3312 124 3393; x_wconf 82' lang='lat' dir='ltr'>mani,</span> <span class='ocrx_word' id='word_1_214' title='bbox 146 3334 265 3380; x_wconf 84' lang='lat' dir='ltr'>novum</span> <span class='ocrx_word' id='word_1_215' title='bbox 287 3333 402 3377; x_wconf 90' lang='lat' dir='ltr'>nomen</span> <span class='ocrx_word' id='word_1_216' title='bbox 424 3309 592 3376; x_wconf 85' lang='lat' dir='ltr'>invenirent</span> <span class='ocrx_word' id='word_1_217' title='bbox 613 3307 769 3396; x_wconf 81' lang='lat' dir='ltr'>dseipsis,</span> <span class='ocrx_word' id='word_1_218' title='bbox 795 3307 1023 3378; x_wconf 87' lang='lat' dir='ltr'>discriminandi</span> <span class='ocrx_word' id='word_1_219' title='bbox 1048 3308 1193 3376; x_wconf 83' lang='lat' dir='ltr'>nimirum</span> 
     </span>
     <span class='ocr_line' id='line_1_28' title="bbox 36 3419 1195 3506; baseline 0.003 -21"><span class='ocrx_word' id='word_1_220' title='bbox 36 3424 139 3506; x_wconf 69' lang='lat' dir='ltr'>causa,</span> <span class='ocrx_word' id='word_1_221' title='bbox 152 3438 186 3490; x_wconf 91' lang='lat' dir='ltr'>et</span> <span class='ocrx_word' id='word_1_222' title='bbox 209 3421 346 3487; x_wconf 87' lang='lat' dir='ltr'>dicerent</span> <span class='ocrx_word' id='word_1_223' title='bbox 366 3445 400 3487; x_wconf 86' lang='lat' dir='ltr'>se</span> <span class='ocrx_word' id='word_1_224' title='bbox 413 3420 570 3506; x_wconf 79' lang='lat' dir='ltr'>Tungros.</span> <span class='ocrx_word' id='word_1_225' title='bbox 614 3421 716 3488; x_wconf 87' lang='lat' dir='ltr'>Aliter</span> <span class='ocrx_word' id='word_1_226' title='bbox 739 3421 934 3501; x_wconf 83' lang='lat' dir='ltr'>Dithnmrus,</span> <span class='ocrx_word' id='word_1_227' title='bbox 956 3435 1082 3487; x_wconf 85' lang='lat' dir='ltr'>anctore</span> <span class='ocrx_word' id='word_1_228' title='bbox 1106 3419 1195 3488; x_wconf 83' lang='lat' dir='ltr'>Peri·</span> 
     </span>
     <span class='ocr_line' id='line_1_29' title="bbox 36 3519 1194 3619; baseline 0.007 -23"><span class='ocrx_word' id='word_1_229' title='bbox 36 3534 135 3616; x_wconf 75' lang='lat' dir='ltr'>nonio,</span> <span class='ocrx_word' id='word_1_230' title='bbox 172 3536 315 3619; x_wconf 91' lang='lat' dir='ltr'>duceque</span> <span class='ocrx_word' id='word_1_231' title='bbox 344 3525 526 3614; x_wconf 67' lang='lat' dir='ltr'>leibnitio,</span> <span class='ocrx_word' id='word_1_232' title='bbox 562 3532 667 3599; x_wconf 88' lang='lat' dir='ltr'>locum</span> <span class='ocrx_word' id='word_1_233' title='bbox 700 3531 743 3598; x_wconf 83' lang='lat' dir='ltr'>ita</span> <span class='ocrx_word' id='word_1_234' title='bbox 772 3533 914 3598; x_wconf 88' lang='lat' dir='ltr'>emendat</span> <span class='ocrx_word' id='word_1_235' title='bbox 949 3519 981 3598; x_wconf 79' lang='lat' dir='ltr'>et</span> <span class='ocrx_word' id='word_1_236' title='bbox 1017 3525 1194 3619; x_wconf 76' lang='lat' dir='ltr'>distinguit:</span> 
     </span>
     <span class='ocr_line' id='line_1_30' title="bbox 35 3643 1196 3733; baseline 0 -22"><span class='ocrx_word' id='word_1_237' title='bbox 35 3651 57 3680; x_wconf 88' lang='lat'><strong>“</strong></span> <span class='ocrx_word' id='word_1_238' title='bbox 71 3645 252 3714; x_wconf 75' lang='lat' dir='ltr'>Germaniae</span> <span class='ocrx_word' id='word_1_239' title='bbox 276 3643 463 3712; x_wconf 83' lang='lat' dir='ltr'>vocabulum</span> <span class='ocrx_word' id='word_1_240' title='bbox 486 3669 593 3713; x_wconf 81' lang='lat' dir='ltr'>recens</span> <span class='ocrx_word' id='word_1_241' title='bbox 615 3657 645 3710; x_wconf 89' lang='lat' dir='ltr'>et</span> <span class='ocrx_word' id='word_1_242' title='bbox 666 3667 765 3732; x_wconf 91' lang='lat' dir='ltr'>nuper</span> <span class='ocrx_word' id='word_1_243' title='bbox 792 3643 941 3723; x_wconf 86' lang='lat' dir='ltr'>additum,</span> <span class='ocrx_word' id='word_1_244' title='bbox 964 3644 1119 3732; x_wconf 84' lang='lat' dir='ltr'>quoniam,</span> <span class='ocrx_word' id='word_1_245' title='bbox 1142 3645 1196 3733; x_wconf 90' lang='lat' dir='ltr'>qui</span> 
     </span>
     <span class='ocr_line' id='line_1_31' title="bbox 35 3755 1195 3843; baseline 0.001 -21"><span class='ocrx_word' id='word_1_246' title='bbox 35 3756 127 3840; x_wconf 85' lang='lat' dir='ltr'>primi</span> <span class='ocrx_word' id='word_1_247' title='bbox 147 3759 296 3824; x_wconf 88' lang='lat' dir='ltr'>Rhenum</span> <span class='ocrx_word' id='word_1_248' title='bbox 319 3759 506 3843; x_wconf 78' lang='lat' dir='ltr'>transgressi,</span> <span class='ocrx_word' id='word_1_249' title='bbox 532 3756 645 3824; x_wconf 83' lang='lat' dir='ltr'>Gallos</span> <span class='ocrx_word' id='word_1_250' title='bbox 665 3755 850 3842; x_wconf 84' lang='lat' dir='ltr'>expulerint,</span> <span class='ocrx_word' id='word_1_251' title='bbox 873 3780 953 3822; x_wconf 92' lang='lat' dir='ltr'>nunc</span> <span class='ocrx_word' id='word_1_252' title='bbox 968 3755 1099 3842; x_wconf 77' lang='lat' dir='ltr'>Tungri,</span> <span class='ocrx_word' id='word_1_253' title='bbox 1120 3773 1195 3824; x_wconf 85' lang='lat' dir='ltr'>tunc</span> 
     </span>
     <span class='ocr_line' id='line_1_32' title="bbox 37 3866 1195 3954; baseline 0.003 -22"><span class='ocrx_word' id='word_1_254' title='bbox 37 3866 189 3936; x_wconf 79' lang='lat' dir='ltr'>Germani</span> <span class='ocrx_word' id='word_1_255' title='bbox 202 3868 304 3936; x_wconf 80' lang='lat' dir='ltr'>vocati</span> <span class='ocrx_word' id='word_1_256' title='bbox 318 3870 396 3951; x_wconf 81' lang='lat' dir='ltr'>sint3</span> <span class='ocrx_word' id='word_1_257' title='bbox 418 3869 462 3936; x_wconf 85' lang='lat' dir='ltr'>ita</span> <span class='ocrx_word' id='word_1_258' title='bbox 482 3869 615 3938; x_wconf 85' lang='lat' dir='ltr'>nationis</span> <span class='ocrx_word' id='word_1_259' title='bbox 633 3891 747 3935; x_wconf 89' lang='lat' dir='ltr'>nomen</span> <span class='ocrx_word' id='word_1_260' title='bbox 761 3869 792 3934; x_wconf 89' lang='grc'>111</span> <span class='ocrx_word' id='word_1_261' title='bbox 806 3891 921 3936; x_wconf 89' lang='lat' dir='ltr'>nomen</span> <span class='ocrx_word' id='word_1_262' title='bbox 935 3867 1033 3954; x_wconf 79' lang='lat' dir='ltr'>gentis</span> <span class='ocrx_word' id='word_1_263' title='bbox 1047 3867 1195 3936; x_wconf 82' lang='lat' dir='ltr'>evaluisse</span> 
     </span>
     <span class='ocr_line' id='line_1_33' title="bbox 36 3965 1196 4069; baseline -0.001 -23"><span class='ocrx_word' id='word_1_264' title='bbox 36 3981 198 4064; x_wconf 72' lang='lat' dir='ltr'>pannum,</span> <span class='ocrx_word' id='word_1_265' title='bbox 219 3995 254 4048; x_wconf 92' lang='lat' dir='ltr'>ut</span> <span class='ocrx_word' id='word_1_266' title='bbox 275 4005 383 4049; x_wconf 84' lang='lat' dir='ltr'>omnes</span> <span class='ocrx_word' id='word_1_267' title='bbox 406 3981 540 4069; x_wconf 81' lang='lat' dir='ltr'>prirnhm</span> <span class='ocrx_word' id='word_1_268' title='bbox 563 3979 583 4046; x_wconf 82' lang='lat' dir='ltr'>d</span> <span class='ocrx_word' id='word_1_269' title='bbox 605 3981 693 4048; x_wconf 82' lang='lat' dir='ltr'>victis</span> <span class='ocrx_word' id='word_1_270' title='bbox 719 3985 762 4050; x_wconf 92' lang='lat' dir='ltr'>ob</span> <span class='ocrx_word' id='word_1_271' title='bbox 788 3995 917 4061; x_wconf 88' lang='lat' dir='ltr'>metum,</span> <span class='ocrx_word' id='word_1_272' title='bbox 939 3965 1013 4046; x_wconf 79' lang='lat' dir='ltr'>mox</span> <span class='ocrx_word' id='word_1_273' title='bbox 1035 3977 1055 4046; x_wconf 76' lang='grc'>1</span> <span class='ocrx_word' id='word_1_274' title='bbox 1076 3980 1196 4067; x_wconf 75' lang='lat' dir='ltr'>seipsis,</span> 
     </span>
     <span class='ocr_line' id='line_1_34' title="bbox 35 4089 1197 4178; baseline 0.002 -22"><span class='ocrx_word' id='word_1_275' title='bbox 35 4089 161 4160; x_wconf 87' lang='lat' dir='ltr'>invento</span> <span class='ocrx_word' id='word_1_276' title='bbox 174 4095 310 4176; x_wconf 84' lang='lat' dir='ltr'>nomina,</span> <span class='ocrx_word' id='word_1_277' title='bbox 324 4093 477 4160; x_wconf 77' lang='lat' dir='ltr'>Germani</span> <span class='ocrx_word' id='word_1_278' title='bbox 490 4091 691 4161; x_wconf 62' lang='lat' dir='ltr'>dicerentur?</span> <span class='ocrx_word' id='word_1_279' title='bbox 735 4091 873 4161; x_wconf 69' lang='lat' dir='ltr'>Minime</span> <span class='ocrx_word' id='word_1_280' title='bbox 888 4090 1030 4158; x_wconf 83' lang='lat' dir='ltr'>audiendi</span> <span class='ocrx_word' id='word_1_281' title='bbox 1045 4105 1128 4172; x_wconf 89' lang='lat' dir='ltr'>sunt,</span> <span class='ocrx_word' id='word_1_282' title='bbox 1142 4089 1197 4178; x_wconf 82' lang='lat' dir='ltr'>qui</span> 
     </span>
     <span class='ocr_line' id='line_1_35' title="bbox 36 4201 1197 4293; baseline 0.002 -27"><span class='ocrx_word' id='word_1_283' title='bbox 36 4203 156 4284; x_wconf 76' lang='lat' dir='ltr'>roltmt,</span> <span class='ocrx_word' id='word_1_284' title='bbox 179 4204 278 4272; x_wconf 83' lang='lat' dir='ltr'>Marii</span> <span class='ocrx_word' id='word_1_285' title='bbox 296 4218 447 4293; x_wconf 87' lang='lat' dir='ltr'>tempore,</span> <span class='ocrx_word' id='word_1_286' title='bbox 470 4203 693 4292; x_wconf 85' lang='lat' dir='ltr'>Cimbricoqne</span> <span class='ocrx_word' id='word_1_287' title='bbox 711 4203 808 4285; x_wconf 84' lang='lat' dir='ltr'>bello,</span> <span class='ocrx_word' id='word_1_288' title='bbox 822 4205 997 4271; x_wconf 83' lang='lat' dir='ltr'>Germanos</span> <span class='ocrx_word' id='word_1_289' title='bbox 1011 4201 1031 4267; x_wconf 77' lang='lat' dir='ltr'>d</span> <span class='ocrx_word' id='word_1_290' title='bbox 1046 4201 1197 4270; x_wconf 58' lang='lat' dir='ltr'>Romamn</span> 
     </span>
     <span class='ocr_line' id='line_1_36' title="bbox 34 4311 1198 4406; baseline 0.003 -27"><span class='ocrx_word' id='word_1_291' title='bbox 34 4327 234 4401; x_wconf 83' lang='lat' dir='ltr'>nuncupatos</span> <span class='ocrx_word' id='word_1_292' title='bbox 257 4318 364 4400; x_wconf 74' lang='lat' dir='ltr'>lunae,</span> <span class='ocrx_word' id='word_1_293' title='bbox 389 4318 475 4406; x_wconf 77' lang='lat' dir='ltr'>quod</span> <span class='ocrx_word' id='word_1_294' title='bbox 502 4339 536 4384; x_wconf 83' lang='lat' dir='ltr'>se</span> <span class='ocrx_word' id='word_1_295' title='bbox 558 4319 668 4384; x_wconf 80' lang='lat' dir='ltr'>fratres</span> <span class='ocrx_word' id='word_1_296' title='bbox 689 4314 840 4395; x_wconf 88' lang='lat' dir='ltr'>dicerent,</span> <span class='ocrx_word' id='word_1_297' title='bbox 859 4329 895 4380; x_wconf 93' lang='lat' dir='ltr'>ut</span> <span class='ocrx_word' id='word_1_298' title='bbox 919 4313 1021 4382; x_wconf 86' lang='lat' dir='ltr'>videre</span> <span class='ocrx_word' id='word_1_299' title='bbox 1046 4327 1093 4381; x_wconf 86' lang='lat' dir='ltr'>est</span> <span class='ocrx_word' id='word_1_300' title='bbox 1114 4311 1198 4401; x_wconf 80' lang='lat' dir='ltr'>apud</span> 
     </span>
     <span class='ocr_line' id='line_1_37' title="bbox 35 4423 1144 4523; baseline 0.002 -31"><span class='ocrx_word' id='word_1_301' title='bbox 35 4423 246 4497; x_wconf 83' lang='lat' dir='ltr'>Plutarchum</span> <span class='ocrx_word' id='word_1_302' title='bbox 261 4427 293 4496; x_wconf 90' lang='lat' dir='ltr'>in</span> <span class='ocrx_word' id='word_1_303' title='bbox 307 4428 426 4513; x_wconf 79' lang='lat' dir='ltr'>Murio,</span> <span class='ocrx_word' id='word_1_304' title='bbox 441 4454 473 4523; x_wconf 86' lang='lat' dir='ltr'>p.</span> <span class='ocrx_word' id='word_1_305' title='bbox 488 4438 565 4507; x_wconf 90' lang='grc'><strong>419.</strong></span> <span class='ocrx_word' id='word_1_306' title='bbox 586 4427 668 4498; x_wconf 86' lang='lat' dir='ltr'>Vide</span> <span class='ocrx_word' id='word_1_307' title='bbox 682 4441 715 4500; x_wconf 82' lang='lat' dir='ltr'>et</span> <span class='ocrx_word' id='word_1_308' title='bbox 730 4430 928 4514; x_wconf 82' lang='lat' dir='ltr'>Strabonem,</span> <span class='ocrx_word' id='word_1_309' title='bbox 939 4449 1005 4496; x_wconf 84' lang='lat' dir='ltr'>vn.</span> <span class='ocrx_word' id='word_1_310' title='bbox 1021 4451 1053 4514; x_wconf 87' lang='lat' dir='ltr'>p.</span> <span class='ocrx_word' id='word_1_311' title='bbox 1067 4435 1144 4506; x_wconf 71' lang='grc'><strong>190.</strong></span> 
     </span>
    </p>
   </div>
   <div class='ocr_carea' id='block_1_3' title="bbox 0 0 1434 4950">
    <p class='ocr_par' dir='ltr' id='par_1_11' title="bbox 0 0 1434 4950">
     <span class='ocr_line' id='line_1_38' title="bbox 0 0 1434 4950; baseline 0 1"><span class='ocrx_word' id='word_1_312' title='bbox 0 0 1434 4950; x_wconf 95' lang='lat' dir='ltr'> </span> 
     </span>
    </p>
   </div>
  </div>
 </body>
</html>
