2859 4950
315 326 523 391 Dttuoous
545 326 602 387 DE
621 327 893 391 oltA‘rortmus
1109 327 1166 395 161

92 492 140 558 16.
164 484 361 573 Mnortmt,
376 480 486 581 lnquit
502 484 690 574 Semdm,
703 500 737 557 et
749 484 889 585 digmm
901 498 1046 559 metatu
1057 508 1170 583 quaes·

52 598 155 673 ionun
170 600 321 674 movisti:
347 600 407 673 sed
424 598 500 697 quis
515 622 591 671 eam
604 600 733 697 justids
747 600 980 697 explicaverit,
992 600 1101 699 quim
1115 618 1170 691 tu,

54 718 195 815 adcujus
221 738 392 791 summam
417 715 644 789 eruditionem
670 732 704 789 et
730 717 1046 813 praestantissimum
1071 716 1171 815 inge·

55 832 133 903 nium
157 856 237 905 cura
268 856 408 930 quoque
440 848 475 903 et
508 832 682 906 meditatio
714 834 880 908 accenset?
913 834 961 906 Et
993 833 1170 923 Messala,

58 948 201 1042 iperium,
229 948 351 1045 inquit,
380 946 601 1047 cogitationes
626 973 734 1040 meas,
759 948 788 1023 si
811 948 899 1022 illud
924 948 945 1023 d
967 948 1066 1022 vobis
1087 948 1169 1023 ante

59 1059 262 1157 iupeuavero,
286 1080 325 1137 ut
340 1088 403 1137 vos
419 1088 560 1163 quoque
578 1090 775 1139 sennonem
791 1066 884 1140 hunc
900 1081 1058 1138 nostrum
1074 1064 1173 1163 adju.
1281 1120 1288 1132 ,

57 1178 122 1251 tetis
158 1180 225 1252 Pro
237 1180 387 1269 duobus,
403 1179 513 1277 inquit
529 1181 734 1271 Maternus,
750 1181 936 1279 promitto:
953 1196 1086 1254 namet
1102 1204 1172 1279 ego

56 1310 76 1361 et
90 1295 256 1368 Secundus
272 1318 504 1393 exsequemur
519 1314 644 1393 partes,
661 1322 747 1395 quas
761 1296 1032 1370 intellexerimus
1046 1312 1081 1369 te
1096 1316 1172 1369 non

54 1420 103 1477 tun
116 1409 260 1483 omisisse
283 1410 390 1507 quim
414 1411 513 1484 nobis
538 1412 726 1508 reliquisse.
775 1416 917 1509 Aprum
940 1411 1034 1483 enim
1056 1412 1171 1484 solere

53 1520 209 1615 dissentire,
237 1544 273 1601 et
297 1544 336 1599 tu
360 1528 463 1624 paulo
479 1526 558 1599 antd
576 1527 702 1616 dixisti,
719 1544 755 1601 et
774 1527 848 1625 ipse
868 1526 948 1601 satis
968 1522 1170 1599 manifestus

53 1656 88 1709 est
110 1640 309 1737 jamdudum
339 1642 377 1713 in
405 1642 614 1715 contrarium
646 1642 791 1741 accingi,
823 1666 889 1715 nec
921 1666 1024 1739 aequo
1055 1638 1174 1713 urimo

53 1752 176 1846 perferre
191 1758 282 1831 banc
300 1774 459 1831 'nostrum
483 1782 547 1855 pro
567 1758 789 1856 antiquorum
812 1756 915 1831 laude
938 1754 1172 1829 concordiam.

54 1866 115 1942 Non
129 1872 228 1965 erdrn,
254 1872 367 1972 inquit
383 1875 499 1970 Aper,
526 1874 715 1948 inauditum
733 1890 768 1947 et
781 1870 1000 1947 indefensum
1015 1870 1174 1945 seculum
1198 1858 1201 1867 ¹

53 2004 179 2062 omnum
196 1990 304 2089 patiar
320 1986 386 2063 hic
407 1987 520 2063 vestri
537 1989 786 2087 conspiratione
801 1987 966 2061 damnari.
1017 1989 1088 2062 Sed
1102 1986 1174 2061 hoc

33 2146 35 2153 ,
53 2102 175 2193 primum
188 2106 424 2205 interrogabo,
440 2130 529 2204 quos
545 2106 673 2180 vocetis
688 2106 860 2202 antiquos,
871 2128 978 2203 quam
992 2118 1174 2177 oratorum

34 2234 160 2295 *eutem
191 2220 437 2322 significatione
468 2221 532 2295 ists
562 2221 818 2298 determinetis?
845 2221 925 2321 Ego
957 2218 1051 2293 enim
1082 2218 1175 2293 cum

52 2334 129 2406 audio
143 2336 313 2436 antiquos,
329 2337 498 2435 quosdam
513 2354 645 2411 veteres
661 2354 695 2411 et
710 2338 796 2411 olim
811 2351 911 2409 natos
930 2333 1104 2435 intelligo;
1128 2355 1174 2406 ac

54 2446 115 2522 tihi
129 2470 306 2528 versantur
320 2470 399 2527 ante
414 2452 534 2528 oculos
550 2454 696 2553 Ulysses
711 2470 747 2528 et
762 2455 906 2542 Nestor,
922 2473 1073 2550 quorum
1089 2464 1175 2524 aeuc

54 2563 124 2639 dille
144 2567 215 2643 lerd
233 2585 270 2644 et
293 2569 452 2644 trecentis
473 2567 592 2642 annis¹
616 2569 774 2644 seculum
797 2586 956 2670 nostrum
979 2563 1173 2640 mteceditz

54 2699 216 2758 vosautem
232 2685 507 2760 Demosthenem
524 2701 558 2759 et
574 2684 789 2785 Hyperidem
800 2680 974 2784 profertis,
990 2705 1078 2781 quos
1093 2678 1175 2754 satis

54 2815 159 2872 constat
172 2800 321 2900 Philippi
333 2820 367 2876 et
379 2801 572 2876 Alexandri
587 2802 800 2900 temporibus
811 2800 984 2876 floruisse:
1000 2798 1047 2872 ita
1056 2813 1176 2870 tamen

38 2925 82 2979 wut
94 2915 217 3014 unique
241 2919 439 3014 superstites
455 2935 576 2994 essent.
626 2920 684 2996 Ex
701 2943 773 3018 quo
788 2932 941 3014 apparet,
964 2937 1037 2988 non
1057 2911 1174 2984 multo

56 3023 145 3115 plures
178 3029 287 3131 quim
322 3057 435 3108 cccc.
471 3039 602 3108 anuos²
639 3033 802 3108 interesse
833 3032 922 3105 inter
952 3048 1108 3102 nostram
1138 3041 1177 3098 et

58 3135 272 3222 Demosthenis
292 3167 449 3224 aetatem:
476 3153 570 3248 quod
594 3151 742 3249 spatium
766 3145 987 3246 temporis,si
1010 3143 1056 3216 ad
1079 3140 1175 3213 infir·

60 3253 180 3333 mitatem
216 3288 405 3361 corporum
436 3283 635 3340 nostrorum
667 3263 809 3356 referas,
848 3260 992 3335 fortasse
1028 3258 1176 3356 longum

60 3366 200 3450 vidntur:
227 3377 256 3452 si
281 3379 502 3454 adnutumm
526 3381 724 3456 seculorum
740 3397 776 3453 et
800 3393 994 3475 respectum
1017 3367 1177 3444 immensi

61 3477 137 3582 hujus
151 3492 224 3584 aevi,
241 3495 412 3594 perqudm
428 3499 545 3590 breve,
562 3515 597 3572 et
612 3499 648 3570 in
664 3494 826 3596 proximo
841 3509 903 3566 est.
952 3489 1049 3564 Nam
1071 3485 1113 3574 si,
1135 3501 1178 3558 ut

63 3595 159 3677 Cicero
173 3607 207 3681 in
222 3611 410 3686 Hortensio
425 3611 555 3704 scribit,
572 3613 639 3686 “is
654 3629 706 3686 est
721 3633 869 3708 magnus
882 3612 1035 3682 etvetus
1050 3623 1176 3689 annus,

64 3713 156 3814 “quo
171 3727 289 3800 eadem
312 3728 434 3827 positio
453 3729 534 3804 coeli
556 3729 792 3828 siderumque,
813 3749 894 3826 quae
910 3721 997 3798 edm
1022 3711 1175 3792 mistim?

93 3963 263 4062 'llillcfcrd
284 3989 312 4043 ct
333 3985 467 4046 trecentis
487 3989 577 4048 annis.
632 3986 812 4048 invetcribus
823 3981 995 4044 editionibus
1004 3993 1070 4037 ccc.
1079 3990 1178 4036 orm,

67 4039 146 4141 litui:
176 4081 239 4121 nam
266 4065 340 4124 inter
367 4067 433 4125 belli
456 4067 578 4144 ijenl
634 4069 772 4128 Mortuus
796 4077 838 4126 est
863 4065 939 4123 euim
972 4055 1177 4117 Demosthenoe

68 4141 275 4226 ¹l¹²1²ttsextum
285 4147 451 4226 Vespasiani
463 4163 580 4220 annum,
634 4154 672 4210 A.
685 4151 724 4211 U.
736 4150 773 4208 C.
791 4153 862 4207 432.
883 4161 974 4203 onnus
989 4137 1056 4197 νετὸ
1069 4135 1177 4213 Vespfl·

51 4253 53 4312 ξ
70 4225 110 4278 isso
121 4213 161 4274 luc
174 4221 296 4302 dialogus
307 4227 422 4288 babitus
435 4241 486 4301 est,
497 4229 581 4288 inter·
632 4231 705 4288 sirmi
728 4238 827 4287 sextus
850 4226 906 4285 fuit
930 4225 968 4281 eb
993 4219 1032 4277 U.
1044 4217 1080 4276 C.
1106 4218 1178 4310 bib·

52 4299 150 4352 *sotere
168 4305 228 4362 anui
252 4303 338 4368 1268.
371 4311 448 4370 Vide
471 4321 531 4369 not.
553 4319 582 4370 et
635 4310 680 4369 De
696 4308 896 4378 Demosthene,
917 4314 946 4362 et
963 4299 1000 4360 de
1020 4293 1178 4376 Hyptndb

52 4349 53 4353 '
72 4377 160 4472 mind·
171 4381 204 4438 ω
217 4403 280 4464 ⁰³?-
297 4384 344 4448 15·
636 4391 820 4448 Demostheni
832 4387 975 4466 proximo,
986 4377 1079 4439 mults
1090 4373 1179 4432 habet

121 4454 200 4525 Quom
214 4476 405 4530 occursator.
430 4469 580 4552 Perpetem
633 4468 895 4546 oternheim
905 4465 989 4524 Oret.
1001 4447 1178 4522 osbati.

242 4581 330 4642 tou.
350 4585 404 4643 tv.
905 4579 931 4638 la
