2859 4950
231 384 291 449 612
537 382 662 446 ΝΟΜ
680 382 734 445 ΕΤ
754 380 1087 445 EMENDATIONES
1172 407 1177 419 ¹

233 538 327 618 derit,
348 536 417 603 crirn
442 538 477 603 in
488 538 594 629 gradu
606 549 733 607 stantes.
776 540 822 605 At
844 540 916 604 ὼ
936 538 1015 605 MS.
1028 536 1132 603 varic.
1154 534 1253 613 3499.
1277 538 1388 604 hebeat

234 670 359 737 quoque
384 672 469 738 agra
490 650 556 731 diu,
576 652 802 717 ementiendum
826 650 1051 737 sdendrrmqm,
1073 648 1154 738 egri
1176 650 1246 729 diu,
1269 650 1390 735 optimo

234 759 357 847 quidem
381 784 471 828 sensu
493 778 526 827 et
549 773 587 827 ex
616 776 715 828 vetere
739 761 901 848 scripturi.
944 760 1101 827 Tentsbst
1123 759 1292 841 Trillems,
1315 760 1390 850 egri

236 872 314 938 etioo
329 882 455 939 stantes.
498 874 580 938 Vide
596 872 693 939 Misc.
707 873 789 939 Obs.
807 893 861 937 rx.
875 874 951 940 368.

282 1057 373 1123 Cur.
388 1066 441 1129 37.
465 1056 593 1123 Surnrna
607 1056 744 1123 collium.
790 1055 869 1121 MS.
883 1053 985 1121 Vutic.
1001 1064 1099 1131 8429.
1121 1079 1285 1123 sionnam.

283 1168 508 1235 Accurrerant.
554 1168 631 1235 MS.
645 1168 748 1233 Votis.
764 1175 860 1241 8429.
882 1180 1130 1233 accucurrerunt.

283 1277 598 1367 Appropr'uqurirurrt.
644 1278 721 1345 MS.
737 1278 837 1343 Vstic.
850 1286 947 1351 8429.
969 1280 1312 1367 appropinquaverunt.

285 1386 352 1455 Nec
366 1388 446 1455 alius
459 1390 568 1455 aliurn.
612 1390 807 1457 Emendsbat
818 1388 986 1469 Acidaliae,
1006 1390 1060 1453 sed
1069 1392 1151 1459 alius
1161 1390 1272 1456 alium.

288 1498 428 1567 Trecenti
440 1502 613 1590 sexaginta.
655 1499 693 1565 ln
706 1498 793 1565 libris
808 1496 908 1579 editis,
932 1498 1058 1565 trecenti
1080 1501 1310 1589 quadraginta.
1354 1500 1394 1567 At

243 1611 347 1697 potior
360 1625 407 1677 est
430 1613 508 1678 tides
532 1612 634 1678 MSS.
649 1612 753 1677 Vstic.
767 1619 852 1683 3499
866 1624 897 1675 et
910 1620 1006 1683 4498.
1029 1610 1083 1697 qui
1097 1612 1224 1679 trecenti
1235 1614 1395 1701 sesogim

244 1724 369 1788 hubent.
413 1722 452 1787 In
466 1723 601 1789 numeris
617 1746 640 1787 x
651 1746 681 1789 n.
695 1746 754 1809 pro
772 1743 837 1787 ux.
859 1722 951 1787 facile
966 1746 1065 1787 errare
1079 1722 1181 1808 potuit
1196 1723 1397 1803 Pueotnos,

222 1904 228 1913 ,
246 1836 329 1900 unde
343 1835 382 1899 sd
396 1848 515 1899 ceteros
528 1834 724 1919 pervulgatus
738 1856 833 1899 error.

293 2018 383 2085 Cre.
406 2026 460 2085 88.
484 2016 637 2085 Britanni
644 2020 798 2109 palantes.
843 2018 922 2085 MS.
946 2013 1047 2085 Vatic.
1062 2026 1159 2092 3429.
1183 2017 1397 2107 Britannique

244 2130 400 2219 palantes.

295 2239 383 2307 Dein
407 2264 561 2329 separare.
606 2241 693 2307 Bene
709 2242 788 2309 MS.
802 2240 905 2307 Vatic.
929 2249 1025 2315 84s9.
1071 2240 1124 2308 Sic
1150 2264 1278 2329 quoque
1303 2244 1402 2329 conju

251 2368 337 2418 cerat
352 2352 487 2439 Lipsius.
532 2351 622 2418 Male
646 2353 716 2419 libri
743 2352 827 2435 editi,
848 2376 970 2441 sperare
969 2378 991 2457 ,³
1014 2354 1095 2418 unde
1109 2351 1243 2419 Grotius
1257 2358 1404 2431 tentabat,

251 2466 430 2554 desperare;
452 2464 613 2545 Ernestus,
634 2488 782 2554 spernere.
1100 2553 1103 2560 Ι

298 2575 415 2643 Secreti
428 2577 525 2642 colles.
570 2575 719 2670 Ernestos
734 2576 849 2658 mallet,
871 2577 982 2643 deserti
996 2575 1093 2644 solies.

298 2687 514 2754 Borestorum.
558 2687 663 2752 MSS.
677 2687 778 2753 Vstic.
793 2697 878 2762 3429
897 2704 929 2754 et
943 2696 1037 2764 4493.
1063 2685 1279 2754 Borestorum.

301 2797 511 2864 Trutuiensem
520 2810 656 2884 portum.
699 2797 748 2864 Itu
763 2797 833 2864 libri
847 2799 932 2864 editi.
963 2799 999 2865 ln
1015 2798 1092 2864 MS.
1107 2797 1210 2865 Vatis.
1227 2806 1331 2874 4493.
1349 2819 1420 2864 cor-1

258 2911 361 2996 rupti,
383 2910 532 2974 trutulerrs
546 2921 599 2975 est.
642 2909 722 2976 MS.
736 2909 838 2976 Vatis.
851 2919 947 2984 8429.
963 2909 1190 2977 truccuierrsern.

307 3019 415 3085 Omnis
429 3021 574 3086 redierat.
616 3021 732 3106 Volgo,
754 3023 848 3100 omni,
872 3025 926 3087 sed
940 3023 1096 3102 mendosi,
1119 3036 1154 3087 ut
1172 3023 1240 3109 jurn
1266 3045 1408 3088 monuere

260 3130 388 3218 lipsius
403 3157 438 3196 nc
455 3133 609 3214 Picheno;
633 3147 777 3220 putetque
792 3157 829 3197 es
845 3133 916 3218 ipsi
933 3133 1107 3198 Latinitate.
1131 3133 1212 3205 Quis
1226 3133 1315 3199 enim
1331 3137 1408 3212 ferni¹

254 3244 400 3333 proximo
428 3243 523 3308 lutere
551 3241 730 3315 Britannia
765 3243 842 3309 lecto
871 3243 979 3309 omni?
1026 3243 1089 3308 Pro
1118 3243 1267 3326 redierat,
1308 3249 1407 3312 frusrn

263 3365 360 3420 tentat
387 3354 562 3434 Rhenanus,
585 3354 712 3422 exierat.
757 3353 795 3420 In
822 3355 899 3420 MS.
914 3355 1016 3420 varic.
1039 3363 1135 3428 8429.
1164 3358 1317 3442 proximo
1347 3358 1407 3424 Bri

158 3507 162 3516 ·
260 3467 377 3533 tannia
402 3465 507 3530 latere.
549 3463 668 3530 Totum
700 3482 803 3531 sutem
827 3467 908 3531 hunc
945 3465 1050 3532 locum
1080 3465 1123 3530 ita
1151 3469 1343 3538 emendabat
1368 3466 1405 3531 ss

263 3577 489 3644 Heumannus:
514 3575 561 3641 Et
573 3576 668 3642 simul
680 3575 783 3644 classis
796 3561 931 3642 secundd
949 3589 1123 3664 conputare
1137 3603 1173 3644 oc
1185 3575 1291 3667 fontei
1309 3580 1418 3656 Tros,

262 3689 372 3756 ieruern
381 3699 509 3776 parturn
518 3689 627 3769 tenuit,
642 3713 708 3778 qua
718 3689 863 3768 (subaudi
873 3687 988 3774 classis)
999 3687 1147 3776 proniori,
1159 3687 1268 3756 littore
1287 3689 1404 3756 Britan

266 3803 325 3867 nia
350 3799 424 3868 lecto
451 3801 543 3876 omni,
566 3801 711 3867 redierat.
755 3801 884 3867 Tacitus
908 3799 982 3879 vuit,
1015 3797 1141 3866 siessem
1166 3799 1253 3866 illam
1282 3803 1314 3867 in
1336 3801 1404 3866 abin

266 3909 400 4000 prinnini
413 3911 492 3976 lutus
508 3911 674 3979 Britanniae
695 3912 850 3994 lustrdsse,
873 3925 991 3978 vectam
1017 3911 1151 3977 secundi
1172 3925 1357 3998 tempestate
1377 3911 1404 3972 si

265 4036 391 4110 portum
420 4021 648 4104 Trutulsnsenr‘,
687 4024 758 4088 inde
783 4041 933 4089 revectam
960 4023 1054 4090 fuisse
1079 4047 1115 4087 sc
1144 4023 1273 4089 rediisse
1300 4025 1360 4090 aiio
1382 4033 1417 4084 ct*

136 4201 144 4212 ,
214 4162 219 4168 ’
266 4132 527 4219 proximonum,
542 4133 629 4200 etsie
644 4133 724 4201 latus
735 4149 897 4224 utrumque
910 4135 1199 4224 circumnavigirsse.
1226 4135 1311 4201 Vide
1321 4135 1404 4201 Mur·

267 4241 349 4310 Obs.
366 4267 418 4310 rx.
441 4245 516 4320 369.

313 4439 404 4506 Cre.
419 4450 472 4516 39.
495 4443 652 4531 Agricola
665 4455 799 4511 auctmn
844 4445 931 4513 Beni
948 4445 1073 4532 Lipsius
1088 4455 1120 4512 et
1139 4443 1333 4513 recentiores.
1372 4421 1416 4505 Iri

268 4549 419 4616 ueteribus
429 4553 624 4637 editionibus,
644 4567 759 4622 auum.
