2859 4950
312 295 372 357 nt)
394 295 622 358 DIALOGUM
645 294 702 355 DE
724 293 999 357 ORATORIBUS.
1167 296 1226 363 661

104 451 203 539 Aper
216 472 346 540 quoque.
390 454 438 517 lta
449 450 552 519 MSS.
566 449 671 515 Vatis.
697 448 828 537 Quoque
840 446 957 517 abestd
971 446 1060 515 libne
1073 448 1174 517 edrtrs

103 563 363 629 Exercitationes
381 586 495 629 eorum.
540 560 589 629 lta
604 561 708 627 MSS.
723 560 826 628 Vetic.
871 559 961 627 Libri
976 561 1060 643 editi,
1079 565 1229 631 erereiw

55 674 209 741 tionem.

102 784 259 873 Proprie
282 788 367 853 circo
394 786 575 866 oratoriam.
620 786 728 853 Editio
755 786 911 872 princeps,
934 785 1018 850 circu
1043 788 1226 855 oratorium.

56 897 262 965 Puteolanus
285 912 316 965 et
344 898 438 963 ceteri
464 921 583 980 omues,
608 899 691 964 circu
713 899 897 963 oratorium.
943 895 1060 963 Mallet
1088 898 1226 985 Lipsius,

54 1012 143 1077 circo
157 1011 312 1077 oratorio.
362 1008 514 1091 Schelius,
528 1010 621 1089 circo,
635 1007 684 1075 vel
694 1032 776 1075 eure
790 1020 959 1075 oratorum.
1006 1008 1100 1076 Forte
1116 1013 1228 1078 redun-

56 1122 125 1203 dat,
141 1122 250 1204 circo,·
272 1134 303 1187 et
317 1120 392 1188 oiim
401 1119 560 1208 scriptum,
577 1122 713 1208 proprie
725 1133 882 1185 oratorum
896 1120 1050 1189 videntur.

105 1349 205 1415 ors.
228 1358 282 1415 ss.
306 1348 489 1435 erassem
512 1348 546 1413 u
571 1347 697 1414 crustae
719 1346 819 1415 urum
841 1346 1006 1412 oscines.
1051 1344 1100 1413 ua
1119 1346 1228 1434 mss
1272 1312 1282 1341 “

56 1462 170 1528 Vatic.
217 1460 306 1525 Libri
320 1461 407 1540 editi,
418 1461 590 1551 principem
602 1460 700 1524 locrius
715 1462 748 1524 irr
764 1459 888 1526 civitate
901 1458 1036 1527 terrebat.

106 1570 318 1639 Dictionibus
339 1574 573 1652 interesse,.siee
596 1573 631 1635 iu
646 1571 789 1659 judiciis.
835 1572 923 1637 Bene
951 1572 1076 1658 Lipsius
1105 1572 1122 1637 ὲ
1148 1571 1226 1639 MS.

60 1685 195 1751 Farnes.
210 1684 340 1755 restituit
354 1684 450 1749 multa
461 1684 492 1748 iu
506 1684 658 1749 veteribus
672 1682 858 1749 editionibus
871 1684 1006 1764 omissa3
1030 1683 1083 1749 ubi
1096 1685 1225 1766 numm,

59 1796 255 1863 dictionibus
268 1797 419 1875 interesse,
434 1799 529 1882 utque
542 1794 585 1860 sic
600 1794 741 1873 dixerim,
752 1796 805 1872 bc.

108 1908 141 1975 J
139 1908 240 1997 urgiis
253 1909 404 1973 interesse.
447 1905 510 1971 Vix
525 1905 707 1972 crediderim
728 1904 747 1969 d
761 1904 991 1991 diligentissimo
1006 1918 1038 1971 et
1059 1906 1227 1973 accuratis-

62 2021 147 2088 simo
161 2019 315 2107 scriptore
329 2020 446 2084 dictum
456 2019 561 2099 tuisse,
574 2017 762 2083 dictionibus
776 2018 936 2083 interesse·
948 2053 957 2071 ·
970 2052 978 2071 ·
991 2052 1001 2073 ·
999 2017 1122 2105 jurgiis
1131 2018 1227 2083 iruer-

65 2156 136 2200 esse.
183 2130 434 2207 Existimaverim
456 2130 560 2216 potibs
580 2129 654 2195 olim
679 2130 828 2215 scriptum
852 2129 956 2209 fuisse,
970 2130 1092 2217 jurgiis
1110 2129 1227 2193 intruis·

65 2246 142 2326 ceri,
156 2257 189 2311 et
203 2242 400 2309 librariorum
414 2241 502 2322 vitio,
516 2242 658 2308 iuteresse
669 2242 689 2306 d
699 2242 909 2327 superioribus
920 2243 1096 2327 repetitum.
1178 2250 1185 2264 “

111 2355 236 2445 Populi
250 2354 522 2423 diversissimorum
536 2354 670 2419 crurium.
715 2352 832 2419 Mallet
855 2352 1043 2439 Rodolphus
1065 2350 1226 2436 Agricola,

58 2469 177 2559 populi
191 2479 222 2533 et
235 2466 508 2534 diversissimarum
523 2466 658 2531 aurium.
703 2462 840 2551 Lipsius,
855 2462 974 2552 populi,
997 2463 1032 2530 id
1050 2475 1105 2546 est,
1124 2462 1226 2530 diver-

62 2583 258 2648 sissimorum
272 2577 406 2644 aurium.
452 2576 591 2643 Retineri
605 2589 707 2662 potest
721 2576 845 2662 vulgata
858 2577 1020 2662 scriptura.

111 2689 501 2778 Focilideprebendereut.
545 2685 594 2755 Ita
606 2687 710 2755 MSS.
724 2687 827 2754 Vatic.
872 2685 911 2752 In
925 2688 1058 2754 editione
1073 2688 1225 2774 principe,

65 2801 342 2892 deprehendentur.
387 2800 478 2866 Unde
494 2798 684 2866 Puteolanus
698 2802 920 2879 emendaverat,
934 2799 1225 2887 deprehendebatur.

114 2914 191 2980 Nou
219 2913 357 2980 serdibus.
414 2911 501 2977 Beni
536 2911 674 2997 Lipsius.
729 2910 809 2976 Haec
837 2910 920 2976 enim
955 2908 975 2976 ’ὲ
1006 2909 1232 2998 gladiatoribus*
1258 2941 1263 2955 .

65 3046 181 3092 sumta.
224 3024 262 3089 In
279 3023 382 3092 MSS.
397 3036 428 3088 et
443 3023 597 3089 veteribus
612 3021 807 3102 editionibus,
821 3021 954 3088 sudibus.

112 3136 279 3227 chrsnwdi
291 3136 541 3222 preceptoribus.
586 3133 634 3200 lta
657 3133 760 3200 MSS.
777 3134 878 3198 Varie.
893 3135 946 3200 Sic
962 3157 1086 3222 quoqne
1102 3132 1226 3200 volebat

67 3249 260 3318 Gronovius.
306 3246 397 3312 Libri
411 3245 496 3326 editi,
504 3244 772 3332 preceptionibus.

114 3359 306 3448 Cuicumque
325 3381 432 3425 cause.
476 3356 526 3421 lta
553 3356 678 3442 Lipsius
700 3358 718 3421 ὲ
744 3355 821 3422 MS.
866 3355 904 3421 In
919 3357 1071 3424 veteribus
1084 3357 1225 3424 editioni-

65 3477 140 3553 bus,
155 3471 318 3557 uuicuique
332 3493 439 3536 cause.
556 3557 561 3563 .

115 3579 319 3648 Norrrnultd.
353 3578 402 3646 Ita
416 3580 488 3646 libri
502 3603 609 3646 omnes
623 3579 707 3644 editi.
753 3577 791 3644 In
806 3579 910 3647 MSS.
925 3579 1025 3648 Vatis.
1040 3580 1183 3648 multum.

116 3693 291 3782 Hoffieque.
337 3691 463 3757 Omissa
485 3692 517 3756 in
541 3691 695 3757 veteribus
714 3691 899 3758 editionibus
918 3691 1040 3777 copula.
1085 3672 1124 3758 ln
1148 3693 1226 3760 MS.

69 3804 174 3875 Vatie.
191 3807 284 3872 1862.
298 3803 389 3869 bodie
402 3825 530 3891 quoque.

116 4033 207 4099 Car.
228 4041 281 4099 85.
307 3991 349 4096 In
362 4053 476 4096 scenos.
520 4029 611 4095 Male
626 4029 775 4096 editiones
790 4043 917 4112 veteres,
930 4031 965 4096 in
978 4027 1076 4096 scend.
1114 4031 1227 4097 Soenas

70 4160 176 4211 autern
196 4142 452 4210 scholasticorum
476 4139 626 4227 appellat,
649 4139 719 4208 loce
734 4141 765 4205 in
783 4140 907 4226 quibus,
930 4139 1013 4206 velut
1036 4165 1092 4226 per
1115 4139 1228 4224 lusum,

70 4259 175 4322 fucata
189 4271 221 4321 et
240 4267 402 4343 personata
414 4243 591 4342 eloquentia
603 4255 813 4320 exercebatur.
857 4253 953 4326 Quod
976 4251 1059 4320 recte
1074 4254 1229 4322 annaurit
1250 4349 1253 4354 Ι

72 4365 227 4454 Lipsius·
318 4379 324 4398 '
