2859 4950
195 372 235 429 st
282 371 287 382 “
565 364 602 425 C.
622 362 823 425 CORNELII
842 360 981 423 TACl'l'l

196 519 323 612 mire‚¹
338 536 399 595 aut
414 545 627 620 quemquam
645 547 691 595 ex
714 518 869 621 agnatis-²
888 502 1025 607 necare,
1051 512 1218 617 flagitium
1243 514 1352 591 babe-

196 656 280 717 tur:
302 639 450 737 plusque
464 638 511 711 ibi
523 637 606 719 boni
617 662 733 712 mores
745 638 884 729 ualent,³
901 634 1009 737 quim
1024 632 1103 709 alibi
1119 635 1221 709 bonne
1237 632 1346 731 leges.
1368 686 1375 697 .

202 954 289 1010 nebat
309 952 482 1011 matrimonii
511 952 589 1022 fides,
613 970 665 1028 pro
688 948 747 1029 qud
798 950 857 1009 onir
870 948 976 1015 adfert.
998 946 1107 1024 Digest.
1122 906 1186 1011 Lib.
1202 966 1225 1006 1.
1238 942 1297 1007 Tit.
1313 946 1345 1009 7·

202 1034 281 1109 apud
300 1033 453 1107 nonnullus
471 1044 565 1108 gentes
581 1042 642 1089 erat
663 1032 749 1090 mori·
800 1033 835 1087 de
855 1028 1078 1109 Adoptionibus.
1103 1032 1156 1106 leg.
1177 1032 1226 1089 23.
1254 1023 1348 1084 Porri)

203 1114 320 1172 endum.
363 1114 445 1174 Unde
472 1115 501 1175 S.
525 1112 690 1169 Bonitacius
719 1131 748 1171 m
800 1112 867 1169 clim
880 1112 959 1190 apud
970 1110 1128 1174 Germanos
1140 1110 1244 1186 vigeret
1255 1106 1348 1181 adop-

93 1188 101 1198 ’
204 1192 296 1269 Epist.
319 1195 369 1252 cit.
393 1189 512 1262 Winedi
533 1193 607 1271 quod
621 1192 749 1273 sudaei·
801 1192 852 1263 tiu,
872 1191 1013 1269 flagitium
1033 1191 1101 1248 san'e
1123 1190 1202 1271 opud
1222 1206 1269 1245 cos
1291 1186 1352 1243 suit

202 1292 275 1329 mum
300 1283 329 1332 et
350 1272 530 1331 deterrimum
553 1292 643 1349 genua
665 1272 749 1330 iomi-
801 1290 856 1329 non
872 1268 1007 1331 moddex
1023 1268 1129 1341 liberis,
1144 1271 1281 1347 cognatis,
1295 1264 1349 1323 sed

203 1372 279 1423 num,
292 1361 350 1412 tam
361 1372 462 1430 magno
475 1354 533 1412 zelo
544 1353 750 1411 matrimonium
802 1366 831 1411 et
844 1374 880 1411 ex
894 1351 1036 1429 adoptatis
1049 1370 1223 1429 quemquem
1235 1364 1353 1413 nccare·

204 1442 299 1491 mutuo
319 1453 411 1493 amore
424 1435 581 1502 obsecrant,
600 1441 633 1491 nt
651 1435 750 1491 mulier
840 1428 852 1465 ³
875 1433 948 1491 Boni
960 1451 1048 1489 marea
1063 1432 1169 1500 pulerit.
1191 1428 1280 1489 Haud
1295 1427 1352 1484 ali-

167 1537 170 1546 *
205 1513 268 1571 aira
284 1515 403 1591 proprio
424 1523 542 1582 nrortuo,
563 1514 656 1571 ninere
672 1533 751 1573 recn-
803 1524 846 1571 tcr
859 1514 894 1570 de
908 1510 1170 1589 Scytbislustlnus,
1185 1528 1222 1568 11.
1236 1514 1266 1567 2.
1278 1506 1352 1567 Jur-

205 1600 267 1651 ret:
285 1604 314 1653 et
327 1595 474 1654 laudabilis
486 1594 586 1652 mulier
599 1594 674 1653 inter
688 1595 752 1652 illoc
803 1594 880 1662 titia,
908 1592 1002 1671 gentis
1034 1591 1153 1669 ingeniis
1178 1590 1264 1661 culta,
1291 1607 1353 1647 non

205 1677 436 1753 esrejudieatnr,
457 1694 517 1750 qua
533 1673 652 1751 propria
669 1694 751 1753 manu
803 1675 918 1751 legibus.
972 1673 1059 1749 Apud
1091 1674 1248 1737 Germanos
1281 1669 1353 1746 plus

203 1753 386 1814 ribimortem
397 1756 506 1823 attulit,
521 1764 553 1812 nt
567 1750 752 1814 inundrtrue
805 1756 872 1812 boni
894 1772 984 1811 mores
997 1752 1138 1822 velebant,
1158 1750 1246 1829 quium
1267 1748 1353 1828 apud
1427 1760 1428 1763 ’

201 1836 316 1913 pariter
333 1836 432 1894 ardeat
450 1855 510 1892 eum
530 1835 592 1891 niro
612 1852 672 1894 ruo.
706 1836 752 1892 De
805 1835 948 1893 Romanos
969 1835 1050 1890 boum
1076 1834 1159 1910 leges,
1185 1832 1220 1888 de
1242 1830 1352 1908 quibus

207 1916 326 1973 Herulis
355 1917 430 1974 idern
464 1909 552 1972 habet
585 1914 753 1994 Procopius,
804 1915 916 1972 dictum
939 1933 1026 1991 supra
1051 1910 1232 1971 Annulsstu.
1259 1916 1297 1969 25
1320 1918 1353 1967 et

207 1996 280 2054 llcll.
296 1996 415 2055 Gothic.
434 1995 497 2054 Lib.
511 2013 549 2053 11.
574 1996 753 2053 Canadenses
806 1992 854 2054 26.
897 1995 994 2065 Quem
1024 1996 1162 2053 audacter
1187 2002 1283 2051 nutem
1309 2011 1353 2050 eae

207 2076 309 2154 populi
319 2078 490 2135 alitcrsunm
499 2076 529 2133 in
538 2075 753 2133 matrimonium
806 2075 879 2153 leges
895 2084 1092 2153 spernerentur
1110 2072 1262 2153 sepissime
1281 2090 1353 2148 quo-

205 2156 412 2216 obsermnriam
455 2166 603 2220 testantur,
657 2156 753 2214 Primo
806 2166 910 2214 rantur
932 2158 1036 2229 Patras,
1056 2170 1090 2213 ac
1104 2154 1353 2212 martimo-Miuu-

168 2299 174 2312 ,
206 2237 283 2294 enim
292 2230 459 2316 nuptiarum
471 2250 546 2294 anuo
556 2236 633 2294 caste
643 2237 753 2313 meunt,
806 2237 867 2296 cius
889 2237 979 2308 Felix,
998 2237 1027 2294 in
1056 2235 1189 2303 Octavio,
1211 2240 1275 2312 cap.
1298 2238 1353 2292 30.

131 2328 135 2336 ’
208 2330 238 2375 et
249 2318 272 2375 si
286 2338 346 2395 qua
358 2318 463 2376 mulier
472 2317 529 2375 boc
540 2318 676 2395 temporis
689 2337 753 2395 spa·
809 2318 865 2377 Vos
889 2317 959 2375 enim
985 2317 1065 2383 uideo
1089 2324 1251 2393 procreator
1265 2314 1355 2386 fliius

208 2400 252 2456 tio
276 2400 393 2477 gravida
413 2399 534 2467 videtur,
558 2400 595 2455 ab
620 2400 752 2456 omuibus
806 2398 961 2477 tunneferir
974 2404 1002 2454 et
1015 2398 1110 2456 auibus
1124 2414 1264 2476 exponere,
1276 2412 1354 2451 nune

208 2479 351 2540 irridetur.
386 2481 463 2538 Vide
478 2481 511 2538 P.
521 2481 557 2537 dc
569 2479 752 2550 Churlevoix,
808 2477 1036 2558 adstrangulatos
1060 2479 1158 2537 misera
1180 2477 1279 2536 morlia
1302 2496 1356 2553 ge-

183 2599 188 2610 1
209 2561 266 2618 loc.
282 2562 454 2622 cicubettre
467 2577 533 2618 xix.
555 2579 583 2636 p.
599 2555 669 2621 286.
703 2561 752 2619 Sic
807 2579 872 2619 nere
885 2560 1005 2618 elidere:
1027 2567 1092 2618 eunt
1103 2577 1162 2637 qua
1175 2558 1204 2616 in
1217 2557 1285 2636 ipris
1296 2557 1354 2614 eir·

210 2642 423 2701 matrimonium
436 2643 490 2718 ipsi
504 2641 753 2711 announcement»,
807 2641 924 2710 ermina,
940 2639 1162 2699 medicaminibus
1178 2639 1275 2715 epotis,
1295 2637 1356 2694 ori·

209 2731 246 2778 ut
268 2738 380 2794 omnem
409 2721 536 2784 libidinis
562 2720 753 2800 suspicionem
804 2722 895 2798 ginem
910 2719 1013 2799 futuri
1038 2720 1153 2779 laminir
1176 2717 1357 2797 extinguant,
1427 2731 1428 2734 ’

209 2801 465 2868 amotumvellcnt,
614 2801 616 2803 ’
807 2810 835 2872 et
857 2800 1043 2878 parricidium
1060 2799 1179 2880 saciant
1204 2797 1356 2874 antequdm

292 2885 295 2894 '
434 2898 438 2904 ’
805 2881 931 2958 pariant.
973 2880 1176 2939 Adebmulum
1198 2879 1271 2938 illud
1294 2879 1358 2935 Ro-

208 2957 222 2980 *
251 2963 391 3023 ¹Finire.
424 2966 467 3021 At
483 2960 556 3020 nibil
579 2961 678 3019 Romae
701 2961 756 3019 iro-
809 2979 862 3023 mae
889 2959 1051 3032 inoleverat,
1073 2971 1107 3020 ut
1138 2962 1199 3038 ipse
1230 2957 1355 3029 Plinius,

210 3046 357 3121 quentibs,
389 3043 517 3101 maxime
550 3042 628 3118 ripud
657 3042 758 3100 divites
810 3059 906 3100 xxix.
928 3047 957 3099 4.
982 3053 1051 3101 sect.
1066 3049 1115 3108 37.
1135 3041 1358 3100 atrociumeu-

211 3123 350 3195 fantinus,
376 3141 442 3202 que
467 3120 567 3200 porcils
593 3116 757 3181 discrimina
809 3131 900 3190 cuset,
921 3123 1048 3199 quoniam
1069 3117 1357 3199 aliquammsaeun·

130 3265 134 3271 ,
210 3205 374 3266 borribant.
416 3204 500 3264 Unde
523 3203 679 3274 iuvenalis,
710 3221 757 3262 vr.
810 3202 885 3260 ditas
899 3203 984 3280 plena
1002 3203 1096 3261 liberie
1109 3202 1163 3260 tali
1181 3199 1263 3262 uenia
1280 3199 1358 3258 indi-

211 3291 282 3360 593,
809 3292 868 3360 get.
910 3283 1017 3342 Melius
1040 3283 1199 3360 unigeni,
1221 3285 1251 3339 in
1276 3279 1357 3340 hunc
1427 3329 1428 3336 ,

288 3377 292 3384 ’
535 3365 539 3371 ’
810 3364 1001 3440 corruptelam
1015 3364 1087 3422 iortb
1098 3371 1233 3421 contactu
1248 3363 1358 3420 Roma-

211 3472 522 3522 neujacaaurmmm
530 3471 718 3524 pomona.
811 3463 912 3502 norum
934 3446 1028 3516 tracti,
1049 3445 1079 3502 id
1100 3443 1193 3502 scelus
1214 3442 1359 3500 severissi-

214 3533 313 3572 Tw‘w‘
327 3535 387 3571 Μ
404 3532 480 3581 umas,
497 3537 590 3572 aarum
603 3530 757 3570 mamma
810 3526 863 3582 mis
883 3525 972 3602 panis
994 3543 1155 3583 coercuere.
1203 3523 1251 3582 Sic
1276 3523 1357 3582 enim

212 3595 360 3692 Quoew;
367 3650 440 3699 sm,
453 3607 526 3702 aequi
535 3648 635 3690 ,mna
645 3647 671 3688 ,n
680 3651 757 3691 mm
810 3605 856 3662 lex
871 3606 1102 3685 Wisigotharum,
1118 3605 1182 3663 Lib.
1196 3621 1241 3663 vr.
1253 3604 1312 3661 Tit.
1324 3610 1358 3664 3.

259 3710 372 3750 manaae
810 3686 864 3763 leg.
883 3695 908 3744 l.
943 3685 1050 3765 Siquis
1066 3684 1177 3743 mulieri
1194 3688 1361 3762 praegnanti

211 3768 332 3809 ΟΜ·
806 3767 946 3842 potionem
966 3769 1004 3826 ad
1025 3785 1151 3824 anorrum
1167 3773 1218 3822 aut
1234 3785 1289 3841 pro
1309 3785 1360 3822 ne-

811 3848 899 3905 cando
919 3847 1028 3926 infante
1048 3846 1167 3916 dederit,
1187 3846 1359 3904 occidatur:
1427 3913 1428 3916 Ἰ

250 3925 265 3954 ²
286 3929 456 4007 Quemquam
474 3926 643 4006 erogantis.
675 3923 758 4004 Adg—
810 3935 838 3984 et
854 3928 963 3997 irrisa,
983 3947 1042 4005 quae
1058 3927 1195 4006 potionem
1215 3926 1253 3983 ad
1272 3942 1360 3982 anor-

208 4011 431 4085 malidicorum,
446 4009 574 4085 quirunt
586 4017 756 4084 perpetrem
809 4009 975 4086 cumjacere
988 4007 1125 4085 quaesiuit,
1145 4005 1287 4064 rioncilla
1302 4016 1359 4079 ert,

210 4092 325 4169 cognati
339 4086 612 4167 raeddemsamilid.
647 4089 757 4164 Digest.
810 4093 880 4146 200.
881 4089 1005 4167 flagello
1018 4086 1151 4164 surripiat
1156 4111 1168 4156 ,·
1186 4086 1212 4146 ri
1223 4086 1360 4163 ingenua,

209 4172 275 4231 Lib.
291 4188 385 4228 xxv1.
406 4172 464 4228 lit.
477 4177 508 4226 4.
525 4168 579 4246 leg.
592 4173 622 4235 7.
642 4179 671 4228 et
692 4170 756 4227 Lib.
811 4178 906 4227 carcat
932 4169 1073 4247 dignitate
1097 4187 1230 4244 perrona,
1257 4175 1286 4224 et
1311 4168 1362 4226 cui

209 4269 359 4311 xxxviii.
381 4251 440 4308 Tit.
466 4257 512 4308 10.
534 4250 586 4326 leg.
612 4255 657 4307 10.
677 4267 706 4306 n.
727 4255 756 4307 2.
801 4251 972 4327 jusserimus
1019 4247 1160 4308 servitura
1211 4248 1361 4314 tradatur,

209 4331 352 4394 Praetcreb
371 4333 450 4408 apud
472 4333 625 4399 Romanos,
643 4331 757 4406 adoptio
813 4331 887 4390 Vide
899 4342 929 4390 et
940 4329 1011 4389 ibid.
1024 4329 1113 4409 legem
1129 4335 1158 4396 7.

207 4417 322 4492 noejus
336 4413 490 4493 sangunis,
504 4413 612 4488 aedjus
625 4410 757 4490 adgnati·
