2859 4950
298 274 359 337 AD
379 274 518 337 Vl'l'AM
537 274 606 336 CN.
625 274 710 337 JUL.
730 274 965 349 AGRICOLAE.
1146 272 1206 337 605

47 430 233 500 temeritatis
243 396 454 497 ⁸ostenderent
479 430 554 495 nibil
577 454 645 496 esse
667 428 807 494 clausum
832 429 968 519 piratico
993 428 1208 513 desperationi,

47 547 112 635 qub
125 544 259 629 navigiis
273 556 390 630 poteret
403 541 572 608 necessus.”
615 541 695 607 Vide
708 555 740 606 et
755 540 924 621 Zosimum,
939 538 994 603 lib.
1006 560 1029 603 1.
1044 539 1075 603 in
1089 539 1142 604 lin.
1177 562 1180 567 ¹

91 656 197 723 Initio
227 658 361 723 ostatis.
396 655 490 720 Forte
516 654 665 739 seriptum
686 652 774 733 olim,
798 652 890 719 initio
916 652 1221 739 711.velseptimor.

47 770 185 845 unatim
206 782 242 833 et
254 790 398 832 numerus
411 746 606 831 librririorum
621 788 723 830 errore
737 764 891 829 exciderit.
936 764 1016 829 an
1026 763 1107 829 enim
1120 779 1207 831 aestss

45 904 111 947 non
124 882 239 945 eadem
261 892 318 957 est,
342 902 410 965 quae
434 891 622 941 memoretur
640 900 733 961 supra
755 898 825 961 cap.
840 884 893 941 25.
917 874 1000 940 Mox
1024 874 1105 939 enim
1129 876 1207 941 infra

46 1016 119 1078 esp.
135 1002 192 1058 34.
214 997 238 1031 “
252 990 273 1056 ii
293 1004 364 1055 suut
378 1012 457 1077 quos
471 988 615 1074 proximo
628 1008 720 1068 enno,
736 1008 828 1051 unam
842 985 995 1071 legionem
1009 989 1090 1053 furto
1105 990 1206 1054 noetis

46 1126 224 1203 aggressos,
238 1102 374 1169 clamore
387 1097 593 1168 debellbstis.'’

91 1323 188 1388 Cur.
205 1330 260 1396 29.
283 1318 424 1385 Montem
440 1318 640 1403 Grompiurn.
662 1316 742 1381 MS.
755 1316 857 1382 Votis.
872 1324 968 1390 3429.
986 1314 1176 1407 Graupium.

91 1434 215 1500 Hostes
227 1432 412 1498 insederam.
455 1429 534 1494 MS.
549 1429 650 1494 Vntic.
664 1421 863 1503 adustionis
872 1428 1034 1493 insederat.
1116 1398 1135 1455 l*

92 1545 235 1613 Nomine
257 1542 423 1632 Calgacus.
465 1539 516 1615 Its'
537 1540 640 1605 Mss.
655 1539 758 1604 Votis.
773 1546 859 1613 8429
878 1551 910 1603 et
931 1548 1026 1630 4498.
1050 1562 1107 1604 nec
1121 1538 1209 1607 eliter

48 1669 169 1723 veteres
197 1653 358 1721 editiones.
413 1654 583 1739 Perpetem
611 1652 686 1737 ergb
713 1652 745 1715 in
773 1649 1004 1730 recentioribus,
1036 1648 1207 1740 Golgosus.

49 1767 252 1853 Pomponius
283 1765 401 1846 Lotus,
428 1766 502 1829 crim
529 1763 562 1827 in
589 1784 648 1827 suo
674 1759 844 1848 exemplari
867 1760 1003 1848 primum
1028 1762 1208 1849 scripsisset,

50 1879 231 1970 Gulgucus,
245 1879 312 1963 ipse
326 1874 508 1956 emendavit,
524 1872 690 1963 Calgacus.

95 2101 190 2167 Cer.
213 2108 268 2168 80.
298 2098 428 2166 Priores
442 2122 567 2187 pugnes.
612 2096 824 2164 Freinshemio
841 2098 1084 2187 Boxbornioque
1103 2101 1211 2188 displi-

50 2224 135 2292 cent,
143 2235 283 2301 pugnes:
305 2212 385 2277 hono
400 2234 514 2275 vocem
527 2209 628 2274 omitti
643 2208 759 2274 volunt.
790 2208 924 2274 Minime
938 2224 1041 2275 nmen
1055 2211 1208 2298 displicet,

48 2324 187 2391 maximi
202 2325 277 2389 olm
290 2322 413 2405 Cicero,
434 2321 590 2389 Horatius
602 2318 714 2407 aliique
730 2320 839 2406 optimi
858 2320 1021 2406 scriptores
1040 2325 1209 2409 saepissirui

51 2436 195 2518 dixerim,
201 2446 361 2524 pugnatas
370 2456 504 2526 pugnos,
514 2442 659 2522 pugnato
675 2430 768 2513 bello,
776 2454 921 2522 pugnare
930 2454 1081 2524 pugnum,
1095 2435 1149 2512 dre.

99 2547 188 2620 erio
217 2517 577 2634 noluissent-unoque
603 2545 637 2609 in
664 2544 738 2631 ipsis
760 2544 970 2633 penetralibus
996 2549 1060 2614 siti.
1104 2547 1211 2616 Miror

52 2657 105 2726 Cl.
122 2659 292 2725 uenenum
308 2681 375 2744 pro,
389 2657 580 2736 nobilissimi,
595 2669 722 2732 tentore,
744 2656 920 2736 novissimi5
942 2680 1000 2724 nee
1020 2659 1123 2726 videre
1143 2683 1209 2742 cnr,

51 2770 238 2838 nobilissimi
264 2770 299 2834 in
320 2767 545 2856 penetralibus,
567 2768 715 2832 habitent
759 2765 797 2832 Id
821 2783 922 2834 tomen
940 2781 1034 2853 potet.
1079 2771 1209 2860 Populi,

52 2882 206 2948 montium
229 2879 348 2962 iucolae,
371 2894 405 2945 ut
428 2879 536 2946 ceteris
558 2879 696 2944 duriores
719 2879 932 2968 fortioresque,
957 2881 1000 2946 sic
1024 2905 1150 2970 quoque
1175 2905 1209 2950 se

51 2991 221 3058 nobiliores
248 3005 369 3077 putent.
413 2991 515 3056 Porrb
540 3004 575 3054 ut
601 2989 668 3069 Dii,
696 2990 789 3056 itaet
812 2991 951 3059 homines
973 2993 1155 3060 nobilissimi
1176 2993 1208 3060 in

53 3103 264 3188 penetralibus
277 3101 339 3168 siti.
368 3100 515 3188 Miraque
529 3101 573 3165 vis
586 3100 665 3165 inest
674 3101 706 3166 in
719 3103 765 3167 bis
781 3102 907 3188 Calgaci
922 3103 1031 3170 verbis.
1054 3103 1107 3170 Cf.
1124 3105 1208 3191 Rep.

53 3215 92 3278 oi
105 3214 191 3280 Len.
205 3215 256 3278 lor
268 3214 349 3300 Apr.
368 3221 458 3284 1734.
474 3237 506 3298 p.
518 3221 593 3278 248.

101 3323 263 3391 Contactu
274 3325 502 3390 dominationis.
547 3325 678 3409 Optime
694 3323 861 3392 Rhenanus
878 3323 1123 3394 et'reeeotiores.
1168 3327 1207 3394 Iu

52 3435 210 3502 veteribus
224 3435 423 3513 editionibus,
438 3446 605 3504 contractu.
851 3513 854 3520 μ

98 3545 195 3611 Sinus
197 3545 313 3632 jomus.
355 3546 480 3610 Frustra
492 3559 589 3612 tentas
608 3545 767 3626 Muretus,
771 3545 880 3636 fomb.
945 3617 948 3632 1

101 3656 197 3724 Nuus
219 3657 376 3724 torniense.
419 3657 458 3722 ln
472 3657 558 3736 libris
572 3659 694 3744 seriptis
707 3671 739 3724 et
752 3655 851 3738 editis,
867 3683 947 3726 rtuno
968 3663 1114 3728 tenninus
1130 3659 1208 3726 Bri-

57 3770 175 3836 tannice
193 3779 300 3856 potet:
322 3778 415 3856 utque
429 3791 516 3834 omne
529 3771 669 3858 ignotum
685 3791 746 3856 pro
760 3771 923 3859 magnifico
944 3783 997 3838 est.
1043 3771 1107 3838 Sed
1117 3773 1208 3840 nullo
1308 3791 1319 3810 ·

47 3882 122 3963 ‚ium
143 3879 229 3945 ultro
247 3903 334 3970 gens,
355 3881 407 3956 bre.
452 3878 598 3947 Muretus
620 3880 752 3962 delebat,
775 3893 867 3970 utque
886 3905 973 3948 omne
991 3884 1129 3972 ignotum
1147 3887 1208 3973 pro

56 3991 223 4080 magnifico
236 4002 290 4058 est.
334 3989 484 4058 Muuuat
496 3991 669 4072 Acidalius‚
682 4005 715 4058 et
735 3992 870 4078 legebat,
883 3995 966 4059 sinus
977 3993 1080 4083 some
1101 4001 1208 4074 (nom-

58 4124 117 4187 que
129 4125 216 4170 ontue
230 4103 371 4192 ignotum
381 4125 441 4188 pro
455 4103 618 4190 ueognijiso
632 4113 692 4186 est)
701 4105 738 4168 in
753 4104 832 4170 buno
843 4105 923 4170 diem
937 4105 1089 4193 defendit.
1113 4105 1209 4173 Nune

57 4212 217 4296 terminus,
230 4215 282 4292 dre.
326 4213 445 4279 Metios
465 4214 566 4279 adlruo
588 4207 751 4302 aptiusque
767 4217 934 4280 cohaereret
949 4217 1058 4298 oratio,
1081 4218 1107 4284 si
1129 4217 1211 4304 lege-

58 4334 155 4404 retur,
179 4324 246 4392 Nos
266 4337 421 4393 terrorum
441 4349 480 4393 oc
498 4325 652 4393 libertatis
665 4339 812 4453 extremos
833 4349 961 4395 recessus
981 4330 1045 4416 ipse
1069 4351 1106 4396 uc
1126 4332 1210 4398 noue
