2859 4950
216 273 278 337 AD
301 270 376 335 LlB.
396 264 454 335 DE
474 268 661 335 MORIBUS
682 271 1001 363 GERMANonuM,
1125 286 1186 349 871

62 422 159 493 CAP.
184 436 251 513 25„
269 428 467 495 Ministeriir.
523 427 601 495 MS.
631 427 733 494 Vatic.
766 432 859 497 1862.
887 430 1047 496 ministris.
1105 424 1185 501 MS.

25 540 122 605 Vatic.
139 543 247 614 2964.
262 542 439 607 ministeriis
450 540 523 607 suis.

64 648 142 716 Nr'st
156 652 251 739 quod
262 651 395 739 impuri.
440 652 543 717 MSS.
553 651 654 717 Vatie.
670 665 701 718 et
713 651 821 717 Turio.
835 652 958 739 impune
969 665 1022 720 est.

64 760 239 829 Libertini
262 788 324 831 non
348 763 489 830 multum.
534 763 624 828 Libri
649 788 756 829 omnes
778 779 848 829 ante
871 764 1047 846 Ernestum,
1068 764 1187 836 libertis
1242 794 1246 807 ·

26 872 121 939 Recte
137 876 331 958 emendavit,
346 873 484 941 libertini
490 902 501 940 .·
523 874 567 940 sie
583 875 666 941 enim
685 898 759 941 mox
778 876 857 940 infra
871 876 1040 961 legebatur,
1054 879 1185 963 impares

23 986 174 1051 libertini.
225 988 333 1075 Atque
346 986 396 1052 hle
416 1009 479 1051 non
497 988 535 1051 de
551 985 740 1071 singularum
756 989 918 1052 domorum
934 986 1062 1068 libertis,
1077 989 1131 1053 sed
1144 990 1183 1052 de

23 1100 86 1183 ipso
111 1098 284 1165 hominum
310 1099 425 1179 ordine,
448 1097 502 1185 qui
525 1096 659 1163 libertini
681 1114 839 1181 vocantur,
861 1111 895 1163 ut
909 1099 1012 1165 videre
1032 1113 1079 1166 est
1100 1102 1183 1186 apud

24 1207 227 1290 Ciceronem,
243 1210 331 1274 Verr.
348 1231 372 1275 r.
388 1218 441 1281 47.

62 1319 218 1407 Aliquod
230 1333 423 1385 momentum.
469 1320 545 1386 MS.
561 1314 709 1385 Arundel.
725 1320 847 1409 aliquid
854 1324 1009 1389 momenti.

66 1430 147 1501 Quce
175 1442 367 1520 regnantur.
411 1431 618 1504 BentMss'.
632 1432 735 1497 Vatic.
757 1442 836 1499 1518
852 1447 884 1498 et
898 1443 994 1507 4498.
1018 1434 1087 1501 libri
1106 1458 1182 1521 quo·

26 1567 79 1629 que
93 1566 210 1609 omnes
227 1543 309 1607 editi.
354 1542 392 1607 ln
408 1542 485 1608 MS.
500 1542 529 1607 V
531 1543 603 1607 atie.
618 1544 713 1617 2964.
728 1556 869 1632 regnant.

65 1652 169 1739 Super
191 1655 341 1743 ingenuos
365 1666 394 1720 et
417 1677 506 1741 super
528 1654 653 1719 nobiles.
700 1654 781 1719 Haec
794 1655 1004 1720 conditionum
1027 1656 1183 1725 diversitas

27 1788 102 1849 repe
117 1779 316 1830 memoratur
329 1764 360 1829 in
375 1764 527 1830 veteribus
543 1764 771 1830 Germanorum
785 1765 916 1851 legibus.
962 1766 1043 1830 Eam
1058 1792 1183 1856 quoque

29 1874 121 1941 ridere
151 1888 202 1943 est
229 1878 313 1961 apud
339 1878 494 1942 Saxonem
523 1875 771 1941 Grammaticum
796 1877 827 1942 in
856 1876 976 1962 legibus
1005 1878 1182 1962 Frothonis‚

30 1986 194 2051 Danorum
206 1987 298 2071 regis,
315 2011 390 2074 quas
404 1987 525 2073 egregie
540 1986 706 2073 explicavit
722 1988 774 2053 Cl.
788 1986 915 2069 Mallet,
930 1995 952 2026 “
966 1986 1183 2056 Introduction

28 2096 43 2161 1
60 2098 232 2165 l’Histoire
248 2100 285 2163 de
305 2098 530 2180 Danemarck,''
551 2122 585 2181 p.
601 2110 672 2163 111.
718 2100 887 2173 Quomodo
901 2112 1003 2165 autem
1019 2101 1096 2186 quis,
1117 2125 1183 2169 uon

28 2222 109 2275 natus
122 2209 277 2295 ingenuus
291 2210 323 2275 in
333 2210 549 2295 ingenuitatem
561 2225 743 2277 assereretur
757 2212 870 2277 docent
884 2225 999 2276 veteres
1013 2212 1182 2295 Fornulae,

30 2320 163 2385 Formul.
183 2322 340 2385 x11.“de
354 2320 575 2407 Ingenuitate.'’
597 2328 617 2361 “
633 2322 698 2401 Qui
713 2321 851 2387 debitum
865 2321 923 2386 sibi
938 2346 1050 2387 nexum
1064 2324 1182 2391 relaxat

30 2432 193 2516 servitium,
223 2432 256 2499 in
289 2433 395 2500 futuro
423 2435 506 2520 apud
535 2432 722 2510 Dominium
750 2432 809 2498 sibi
837 2433 1005 2499 retribuere
1031 2417 1180 2502 confidat.

30 2542 120 2630 lgitur
143 2569 208 2631 ego
234 2545 265 2610 in
288 2543 352 2612 Dei
375 2544 499 2610 nomine
520 2544 571 2610 ille
594 2544 638 2610 N.
661 2568 721 2632 pro
744 2545 880 2610 remedio
895 2543 1001 2610 auimae
1020 2569 1108 2625 meas,
1130 2547 1180 2612 vel

30 2658 136 2721 eternll
150 2657 368 2737 retributione,
394 2679 514 2722 servum
530 2657 609 2744 juris
624 2657 684 2722 mei
706 2657 830 2722 nomine
844 2656 931 2730 illum
953 2656 999 2720 N.
1013 2656 1180 2740 ingenuum

30 2791 86 2832 esse
99 2768 268 2855 precipio,
282 2781 312 2834 et
326 2767 357 2832 in
371 2755 563 2835 sacrosancta
578 2767 724 2833 Ecclesid
736 2767 903 2834 beatissimi
915 2765 1020 2830 Sancti
1034 2766 1116 2832 illius
1129 2767 1178 2832 N.

29 2883 78 2946 rub
90 2861 262 2966 praesentiit
274 2881 467 2946 sacerdotum
488 2879 603 2945 ibidem
617 2879 848 2946 consistentium
872 2890 942 2942 aute
956 2901 1052 2942 cornu
1073 2879 1178 2946 altaria

29 2995 62 3056 rb
77 2991 163 3058 omni
177 2989 302 3058 vinculo
317 2991 469 3071 servitutis
483 3015 554 3056 eum
570 2990 706 3056 absolvo.
751 2988 800 3055 lta
815 3001 849 3055 ut
861 2988 1017 3073 deinceps,
1031 3004 1178 3076 tanquam

29 3109 50 3166 ri
68 3105 107 3166 ab
127 3102 272 3188 ingenuis
293 3101 471 3187 parentibus
493 3101 598 3168 fuisset
619 3115 708 3168 natus
721 3100 770 3166 vel
789 3112 976 3186 procreabis,
989 3113 1051 3180 eat,
1070 3113 1180 3186 pergat

30 3225 140 3296 partem
155 3237 253 3302 quam
268 3211 421 3295 maluerit,
435 3225 466 3278 et
481 3212 561 3288 sicut
574 3213 626 3278 alii
641 3213 722 3277 cives
732 3210 865 3276 Romani
876 3211 969 3274 vitam
984 3212 1078 3275 ducat
1091 3212 1177 3297 inge·

29 3344 122 3392 uuam.
169 3326 217 3392 Et
232 3325 257 3391 si
272 3324 374 3412 aliqua
386 3323 559 3410 procreatio
574 3322 722 3402 filiorum,
735 3321 782 3386 vel
797 3321 947 3402 filiarum;
969 3343 1007 3384 ex
1022 3321 1092 3405 ipso
1110 3334 1177 3386 orta

30 3435 123 3517 luerit,
151 3435 294 3502 similiter
321 3434 403 3501 vivat
430 3435 573 3520 ingenua,
599 3447 631 3498 et
658 3434 736 3499 nulli
763 3433 910 3498 heredum
939 3453 1091 3510 meorum,
1118 3455 1176 3496 nec

29 3543 208 3634 cuicumque
222 3546 289 3612 aliae
312 3569 450 3634 personas
466 3546 631 3634 quicquam
653 3547 763 3609 debeat
778 3541 939 3622 servitutis,
960 3565 1017 3607 nec
1031 3541 1177 3608 libertini-

30 3655 91 3720 tatis
104 3655 306 3744 obsequium,
329 3657 385 3723 nisi
411 3655 469 3722 soli
495 3657 579 3738 Deo,
603 3655 653 3722 eui
673 3655 778 3720 omnia
791 3655 932 3741 subjecta
945 3668 1033 3734 aunt;
1055 3653 1103 3718 vel
1116 3677 1175 3739 pro

31 3745 110 3850 euju's
137 3791 247 3834 amore
274 3768 377 3855 ipsum
406 3771 532 3864 devotus
561 3766 660 3838 obtuli
683 3765 888 3854 patrocinium
911 3776 944 3828 et
967 3765 1182 3834 defensionem,

31 3876 211 3968 cuicumque
235 3904 268 3946 se
290 3879 417 3965 elegerit
437 3879 470 3945 in
491 3879 634 3946 omnibus
661 3879 743 3945 illius
765 3879 938 3964 perfruatur
960 3875 1097 3940 arbitrio.
1141 3879 1205 3976 Si·

33 3987 177 4070 quievero
193 3994 277 4078 quod
292 3994 429 4058 futurum
446 4017 512 4058 esre
532 4014 595 4056 non
608 3993 712 4072 oredo,
735 3990 761 4056 si
782 3989 877 4054 fuerit
898 3987 1007 4074 aliquis
1029 4013 1067 4053 ex
1089 3989 1179 4053 liere-

32 4096 114 4166 dibus
135 4104 226 4184 meis,
251 4103 298 4168 vel
321 4103 467 4190 quislibet
489 4127 628 4190 persona,
650 4105 704 4192 qui
727 4115 834 4168 contra
855 4102 933 4164 hanc
958 4099 1179 4199 ingenuitatem

35 4209 127 4276 venire
141 4229 195 4280 aut
209 4239 277 4280 eam
293 4217 450 4318 refragare
460 4215 677 4302 praesumserit,
692 4214 769 4281 illud
783 4214 867 4302 quod
881 4202 993 4297 repetit
1006 4235 1069 4278 nou
1084 4212 1181 4286 vind,

33 4331 88 4402 cet,
99 4336 132 4394 et
144 4323 269 4416 iusuper
281 4339 386 4400 corna
401 4327 452 4398 cui
466 4325 551 4397 litem
562 4327 706 4412 intulerit,
721 4325 837 4397 solidos
853 4345 913 4396 ax.
928 4335 1105 4424 componat.
1135 4322 1180 4421 Et
