2859 4950
267 308 328 373 354
676 300 1019 365 SUPPLEMENTUM
1208 306 1382 378 mucro.

266 465 398 569 galium
414 457 666 549 immiuutione,
691 458 856 534 militibus
873 458 1049 549 donativo,
1074 456 1102 533 si
1115 458 1258 559 quisque
1273 463 1384 539 domun

270 610 308 657 se
337 580 542 679 reciperent,
566 592 601 649 et
626 574 648 647 b
677 576 830 647 tumultu
861 600 900 648 ac
931 571 1178 673 direptionibus
1206 578 1385 653 abstinerent.

269 698 364 773 Exin
380 693 488 769 coacti
504 709 618 791 patres
635 693 679 765 de
695 690 811 793 sormi
827 691 1003 791 regiminis
1020 692 1266 766 consultavere.
1303 694 1385 767 “Ali

268 811 528 886 “abolendam
566 811 747 883 Caesarum
788 806 1018 895 memoriam,¹
1061 800 1241 880 diruenda
1267 810 1386 906 templa,¹

269 938 296 975 ‘⁶
322 929 514 1003 libertatem
532 923 777 997 restituendam
790 922 829 1011 ;''
856 921 911 994 alii
938 920 1196 995 “retinendam
1223 923 1385 997 dominatio

271 1054 298 1091 “
323 1045 430 1117 nem”
449 1066 624 1114 censuere.
676 1036 739 1127 Hi,
764 1037 872 1111 varias
889 1036 924 1111 in
941 1056 1054 1137 partes
1079 1038 1255 1130 distracti‚³
1279 1066 1334 1137 pro
1347 1040 1385 1112 sui

268 1188 330 1260 spe
367 1175 427 1249 aut
460 1154 602 1229 fortuni
642 1154 796 1227 diversos
833 1151 1009 1250 Principes
1043 1154 1224 1229 destinare.
1275 1156 1385 1242 Omns,

203 1288 217 1342 Γ
269 1274 492 1377 flagrantibus
504 1271 654 1371 partium
669 1270 803 1359 studiis,
828 1270 1002 1368 reliquum
1019 1270 1086 1343 diei
1102 1288 1306 1369 noctemque
1320 1272 1385 1345 abu·

245 1384 378 1483 mere,
403 1407 438 1464 et
455 1389 647 1465 libertatem
662 1386 763 1462 mori
779 1388 936 1485 perdere.
1181 1374 1194 1385 ”

318 1637 355 1702 6.
383 1628 511 1702 Cusus
541 1640 671 1713 tamen,
712 1644 785 1695 non
818 1616 1013 1712 consilium,
1054 1622 1203 1721 imperio
1238 1622 1384 1698 Claudium

266 1742 446 1818 admovit.⁴
497 1740 657 1812 Rumore
685 1738 790 1811 caedis
817 1736 1014 1827 exterritus,
1045 1738 1089 1811 ad
1117 1739 1233 1837 palatii
1261 1740 1384 1813 solariun

267 1872 506 1957 prorepserat:
533 1854 623 1926 inter
637 1858 641 1865 '
655 1870 824 1950 praetenta
857 1851 990 1927 foribus
1019 1856 1096 1927 vela
1124 1856 1252 1929 latebat
1269 1855 1385 1937 abditus,

267 1978 355 2050 curn
371 1974 567 2046 discurrens
582 1968 674 2041 forte
687 1968 867 2068 gregarius
883 1968 995 2058 miles,
1008 1970 1251 2045 animadversis
1266 1972 1385 2069 pedibus

267 2091 288 2165 ὲ
306 2090 420 2163 studio
436 2084 627 2163 sciscitandi
645 2086 802 2183 quisnam
819 2103 920 2175 esset,
945 2110 1026 2159 eum
1043 2088 1198 2186 agnovit,
1216 2104 1394 2161 extractum-r

266 2232 351 2305 que,
375 2221 409 2278 et
433 2229 507 2302 prae
533 2217 630 2274 metu
646 2201 690 2273 ad
706 2224 822 2299 genua
837 2200 901 2274 sibi
917 2200 1143 2291 accidentem,
1170 2206 1386 2300 Imperatorem

263 2320 443 2428 salutarim
462 2336 496 2391 et
513 2319 556 2390 ad
574 2314 828 2389 commilitones.
841 2315 1015 2412 perduxit.
1068 2320 1104 2389 A
1121 2313 1243 2391 furore
1259 2319 1299 2391 ad
1314 2304 1394 2387 vene-s

264 2438 434 2512 rationem
450 2434 564 2510 ‘statim
580 2433 750 2524 conversi,
775 2432 875 2507 illum
897 2432 1027 2508 lecricae
1048 2431 1248 2531 imponunt,
1272 2452 1303 2506 et
1320 2430 1385 2504 vicis

204 2572 213 2585 ·
261 2555 329 2630 sini
361 2553 589 2627 succollantes
610 2549 646 2622 in
666 2567 778 2623 castra
810 2547 972 2623 deferunt
1005 2549 1136 2622 tristem
1163 2575 1203 2622 ac
1233 2549 1384 2646 trepidus,

262 2669 366 2744 obvii
394 2653 575 2742 miserante
602 2666 732 2757 turbi,5
757 2665 854 2767 quasi
871 2667 915 2744 ad
932 2689 1073 2765 poenam
1096 2683 1274 2765 raperetur
1289 2666 1384 2737 insons.

304 3201 314 3231 ¹
335 3202 474 3262 Caesorum
486 3198 652 3260 memorium.
693 3199 813 3260 Sueton.
863 3201 932 3260 simo
945 3217 1016 3258 armo
1031 3198 1174 3276 imperium
1184 3197 1257 3275 cepit
1271 3201 1384 3274 quantun·

262 3283 291 3342 in
307 3287 389 3357 Caio,
405 3302 459 3342 ux.
488 3281 607 3340 Senotm
620 3284 649 3340 iu
662 3283 812 3341 asserenda
865 3283 908 3340 ris
927 3279 1049 3339 mirabili
1068 3299 1144 3338 cusu.
1188 3281 1318 3337 Exclusis
1334 3275 1384 3329 tur

261 3366 392 3424 libertate
404 3363 472 3422 orlei
484 3364 631 3437 comersii,
641 3373 674 3422 ut
687 3364 812 3422 consules
866 3363 1020 3422 celerarat
1035 3359 1247 3418 insidiatoribus
1262 3357 1326 3419 Cuii,
1344 3353 1383 3408 clu

257 3445 350 3522 primi
374 3465 429 3504 non
452 3445 482 3501 in
505 3441 621 3513 cirrium,
642 3444 707 3521 quia
729 3441 811 3502 Julia
866 3443 946 3518 quusi
958 3448 1094 3500 secretum
1107 3459 1137 3496 co
1151 3437 1383 3514 (Cai0)dcsirler‹n·

260 3527 423 3598 uocabatur,
443 3525 492 3581 sed
512 3523 540 3580 in
559 3520 729 3599 Capitolium
748 3544 812 3582 corr·
866 3535 893 3580 te
908 3525 1017 3582 turbam
1030 3530 1241 3591 summoverint,
1252 3521 1278 3576 irr
1292 3518 1381 3575 dictur.

259 3613 402 3664 uocarent.
444 3601 564 3667 Quidam
585 3603 651 3661 verb
666 3604 812 3662 sententiae
865 3603 910 3661 cui
930 3622 1025 3660 nornen
1046 3607 1087 3658 est
1110 3601 1277 3668 Hermum,
1296 3609 1382 3653 rerem·-

258 3685 320 3744 loco
333 3685 492 3743 abolendum
502 3681 641 3742 Coesorum
652 3685 810 3742 mernoriom
864 3691 921 3740 rat.
962 3684 1062 3760 Neque
1094 3681 1181 3738 stulto
1212 3681 1274 3756 pist
1302 3685 1382 3734 rurrut

259 3787 292 3824 uc
306 3766 443 3824 diruendo
456 3765 557 3842 templa
571 3771 747 3822 censuerunt.
864 3763 946 3821 credis
971 3763 1132 3830 exterritus,
1149 3761 1289 3838 prorepsit
1308 3756 1339 3812 od
1353 3767 1380 3805 so

299 3841 313 3870 ²
334 3846 484 3904 Diruenrlo
504 3845 617 3920 templa.
659 3845 740 3902 Divo
757 3844 809 3903 Ju-
864 3843 966 3900 larium
978 3841 1142 3920 proximum.
1176 3841 1312 3900 Solarium
1324 3834 1379 3914 locu¹

257 3927 308 3994 lio,
330 3929 407 3984 Divo
420 3929 552 4002 Augusto
565 3943 656 3984 sacra.
865 3937 926 3980 erut
946 3925 976 3981 in
996 3921 1105 3980 aeelibus
1127 3921 1261 3979 Romanis
1280 3918 1311 3974 ad
1330 3927 1380 3988 uprl·

299 4003 310 4037 ³
333 4007 488 4066 Distructi.
531 4005 603 4062 Haec
617 4017 647 4062 et
660 4004 809 4081 sequentia
865 4004 990 4062 curidum
1000 4005 1243 4061 accommodatus.

261 4089 330 4156 Dio,
353 4106 406 4146 Lx.
421 4107 449 4163 p.
464 4081 534 4144 664.
626 4093 631 4100 '
906 4077 1293 4154 'Obvidmirerouteturbd
1329 4072 1392 4130 llrc.

276 4165 472 4226 ·⁴Cluerdium
485 4164 618 4224 admovit.
653 4165 809 4223 Suetonius
866 4165 984 4223 totidem
1010 4164 1102 4222 verbis
1125 4165 1240 4222 Suetou.
1258 4163 1284 4217 in
1300 4151 1376 4216 Claud·

257 4251 287 4310 in
317 4249 423 4307 Claud.
454 4263 487 4304 x.
528 4245 663 4304 Claudius
690 4244 810 4304 murimtl
867 4263 899 4302 x.
924 4245 1057 4304 Pluribus
1070 4244 1220 4324 losephus,
1232 4228 1377 4316 Antiqlul·

255 4331 349 4391 etatis
361 4323 617 4408 parturitionem,
638 4325 810 4406 quinquage·
868 4343 940 4384 xrx.
953 4331 983 4384 3.
