2859 4950
238 321 296 382 37³
647 310 990 373 serenantumu
1172 322 1210 375 A.
1225 316 1262 398 u.
1274 318 1306 377 a.
1317 325 1368 389 ru.

232 464 408 547 stutatiae¹
440 466 592 567 reliquiis
624 468 748 569 magis,
772 470 881 567 quim
908 487 1079 545 terrarum
1106 466 1370 549 uifoecuadiatet

155 629 163 637 ·
235 585 401 683 Princeps
416 584 533 657 mata
558 584 722 676 bonitate,
748 603 913 685 metuque
936 586 1069 684 plebis,³
1094 612 1287 686 numquam
1301 590 1370 663 ineo

236 703 401 791 leudone,
437 702 545 799 quim
573 702 660 775 ciam
689 701 730 775 ed
759 704 992 777 tumultuandi
1021 702 1202 777 occasione
1231 705 1370 795 abutitur,

236 819 386 917 publicae
419 816 573 915 penuriae
600 817 637 889 in
665 817 848 915 praesentii
881 819 1068 910 subventa*
1101 820 1370 920 negotiatoribus⁵

237 936 326 1010 lucri
354 960 415 1032 spe
444 935 610 1024 excitatio,
635 952 671 1009 et
697 954 856 1033 suscepto
878 937 913 1010 in
936 963 973 1011 se
1001 938 1144 1027 damno,
1170 936 1200 1010 ai
1225 937 1304 1036 quid
1325 962 1372 1033 per

237 1067 456 1149 tempestates
494 1050 680 1127 accidisset.
732 1052 878 1127 Facilius
910 1056 1089 1155 majusque
1122 1051 1370 1141 incitamentum,

238 1170 389 1242 honores
416 1168 566 1241 addidit:
594 1169 807 1269 civibusque,
833 1171 892 1269 qui
921 1158 1025 1244 naues
1054 1176 1263 1244 'mercatura
1290 1168 1370 1243 causi

236 1282 455 1375 fabricarent,
489 1283 726 1360 vacationem⁶
754 1288 857 1388 Legis
883 1288 997 1384 Papiae
1023 1289 1214 1384 Poppaeae;
1242 1286 1368 1359 Latinis³

234 1403 291 1499 jus
302 1396 532 1496 Quiritium3⁸
548 1400 723 1477 foenaiais⁹
735 1406 792 1503 jus
802 1422 950 1502 quatuor
964 1405 1156 1477 liberorum
1168 1408 1193 1438 '⁰
1211 1400 1368 1476 coustituit.

281 1680 290 1707 ¹
324 1680 436 1741 Caiatia
468 1681 607 1745 stultitia.
648 1685 788 1763 Caligula
844 1686 878 1745 de
900 1686 1059 1745 calibibun
1102 1686 1148 1744 De
1172 1682 1222 1743 itta
1249 1684 1305 1761 lege
1323 1683 1368 1757 jan

240 1764 392 1823 stultitiam
408 1766 438 1820 in
452 1764 610 1822 Puteolano
632 1784 717 1842 ponte
740 1788 790 1825 ex·
842 1769 951 1843 agimus
973 1788 1060 1844 supra
1072 1784 1137 1841 cap.
1153 1762 1204 1825 26.
1219 1772 1248 1823 et
1262 1762 1339 1822 fusile
1348 1760 1368 1817 ia

237 1845 374 1902 euuendo
398 1846 615 1903 memoravimus
638 1848 667 1904 iu
686 1848 789 1925 Suppl.
844 1862 903 1906 mut.
916 1860 944 1905 et
957 1848 1067 1905 ernend.
1080 1848 1117 1903 ad
1129 1846 1239 1905 Animi.
1251 1862 1300 1902 111.
1312 1848 1350 1900 28.

240 1924 347 1983 Annal.
368 1942 443 1983 uin.
469 1932 547 1984 loct
560 1946 617 2002 seq.
660 1929 707 1984 De
734 1928 788 1987 hac
883 1924 896 1959 ⁷
930 1928 1052 1986 Lauinia.
1103 1926 1215 1997 Latini,
1247 1936 1281 1984 ut
1309 1925 1371 1980 docet

240 2024 357 2083 quoque
374 2005 510 2064 Aurelius
526 2006 670 2085 Victoria
683 2008 789 2067 Claud.
842 2010 931 2067 Caius
945 2010 1071 2066 lustitut.
1087 2026 1109 2066 1.
1122 2010 1184 2067 Tit.
1202 2016 1227 2066 1.
1239 2010 1368 2070 uzauut,

240 2085 342 2143 Adhuc
363 2086 381 2142 ia
400 2086 525 2146 Claudio
545 2108 660 2155 arraona
679 2098 790 2168 egestae
845 2088 893 2166 qui
915 2099 963 2147 aut
982 2108 1036 2165 per
1061 2088 1220 2165 epistolam,
1250 2096 1297 2145 aut
1317 2086 1372 2141 iuter

240 2168 400 2242 compotita,
421 2188 502 2245 quam
523 2167 654 2247 Caligula
677 2172 791 2231 indure-
844 2172 955 2241 atricae,
987 2179 1038 2229 aut
1070 2170 1196 2229 conuiuii
1229 2164 1372 2227 adhibitione

240 2256 298 2320 eet,
308 2248 372 2305 dent
386 2250 496 2307 adactis
509 2257 570 2307 toto
580 2252 645 2308 orbe
656 2252 789 2329 nauigiis,
843 2252 1087 2310 manumittuntur.
1131 2250 1262 2310 Libertas
1273 2246 1319 2304 illa
1331 2244 1370 2300 la·

235 2328 364 2406 peruium
376 2350 452 2386 mare
466 2330 586 2388 theatris
608 2334 789 2411 curribusque
844 2333 904 2389 tina
928 2332 1093 2389 introducta
1108 2335 1148 2388 A:
1158 2333 1195 2391 U.
1204 2328 1238 2389 C.
1253 2323 1373 2399 7721th

239 2410 340 2469 damno
349 2410 460 2487 publico
475 2410 580 2483 efferre
592 2412 744 2471 contendit.
842 2412 931 2474 tanta
946 2410 1095 2471 Norbani.

277 2487 294 2518 ⁸
308 2491 462 2550 Terrarum
475 2491 696 2569 irffoecuuditate.
734 2495 792 2553 Fu·
885 2489 896 2524 ⁸
932 2495 987 2554 Jur
1022 2493 1190 2559 Quiritium.
1242 2490 1371 2550 Civitatem

238 2592 285 2631 ere
307 2573 425 2649 quidem
435 2591 489 2649 ¹per
501 2573 606 2632 multos
619 2593 708 2634 auritos
721 2576 790 2633 aeri-
827 2617 831 2624 -
845 2577 1015 2645 Romanam,
1024 2575 1263 2652 liabetUlpianus
1272 2570 1323 2627 Tit.
1333 2583 1371 2623 m.

239 2654 300 2714 dua
322 2653 501 2725 sterilitates,
521 2669 555 2711 ut
575 2653 706 2732 loquitur
720 2657 789 2734 Sue·
844 2675 873 2714 n.
890 2653 919 2714 6.
940 2658 988 2714 ubi
1012 2658 1105 2734 ipsum
1124 2653 1246 2713 Claudii
1266 2649 1372 2709 edictum

240 2735 334 2791 tonius
348 2735 376 2790 in
385 2733 492 2792 Claud.
507 2751 608 2794 xum.
630 2737 788 2818 AEgyptum
845 2751 984 2796 memorat
996 2737 1039 2795 his
1053 2737 1154 2794 verbis.
1177 2735 1262 2794 Neue
1274 2727 1372 2820 Latium

239 2827 335 2872 tamen
344 2832 399 2871 non
408 2815 493 2874 tutae
501 2813 556 2874 hoc
567 2818 789 2877 annointoecun-
845 2817 988 2876 ciuitatem
1004 2813 1283 2892 Romanorumque,
1298 2829 1320 2867 et
1330 2821 1371 2862 tut

238 2897 307 2955 dam
320 2913 439 2972 arguere
451 2896 565 2955 videtur
576 2899 694 2958 Claudii
706 2917 789 2956 num·
845 2901 986 2969 minorem,
1007 2902 1090 2976 quidm
1111 2891 1204 2956 decem
1227 2892 1311 2953 uitta
1331 2904 1372 2943 tet·

239 2995 314 3048 mus,
335 2994 421 3054 quern
455 2977 578 3054 protulit
610 2979 789 3049 Haeduinus,
845 2981 952 3040 diorum
965 2999 1062 3038 nauem
1072 2975 1276 3058 fabricaverit,
1296 2967 1372 3028 etlte·

238 3054 342 3116 Select.
356 3055 456 3134 Opera.
472 3078 501 3136 p·
515 3062 585 3126 718.
606 3067 659 3118 rt.
672 3067 790 3119 ΚΑΑΥ.
844 3079 915 3120 mem
928 3079 975 3118 eea
988 3059 1250 3140 nurtufrumeatum
1260 3058 1371 3132 portere-

237 3138 384 3197 KAl-id
408 3150 460 3212 est,
495 3139 625 3199 Tiberius
654 3137 790 3200 Claudius
846 3141 896 3209 rit,
910 3159 943 3199 ea
957 3141 1047 3200 edicto
1058 3141 1117 3198 divi
1127 3137 1249 3198 Claudii.
1272 3135 1369 3194 navem,

240 3216 346 3291 Cesar,
367 3231 457 3300 caput
477 3220 594 3279 Claudii
616 3219 790 3280 laureatum.
846 3241 911 3299 quae
930 3223 1028 3280 decem
1043 3219 1305 3278 milliamodiorum
1320 3223 1371 3266 tou

241 3300 275 3360 le
288 3297 386 3359 aveni
400 3315 490 3379 parte,
509 3321 560 3359 sex
573 3301 670 3381 tpieae,
691 3301 791 3360 fertili·
847 3305 956 3377 tineret,
989 3321 1039 3360 nos
1072 3301 1232 3359 diceremus
1261 3315 1278 3355 a
1303 3283 1371 3350 uersd

239 3382 306 3438 tatis
321 3382 789 3461 AEgyptiaesymbolum,nt'ro-
847 3383 884 3464 qt
904 3387 1000 3462 uiuety
1027 3391 1099 3441 torte.
1141 3383 1188 3440 De
1213 3376 1305 3438 modio
1329 3369 1369 3426 Ro

238 3469 326 3531 ΜΛ.
356 3462 391 3520 E.
406 3463 440 3522 B.
454 3465 484 3522 id
504 3472 554 3535 est,
580 3463 690 3541 imperii
715 3483 788 3523 auno
848 3466 1001 3541 manojnm
1015 3451 1367 3544 egimussupraulnntlss·

238 3543 368 3608 secundo.
848 3551 896 3610 87.
943 3545 1070 3604 Dolore
1084 3545 1245 3612 Quiritium
1259 3538 1367 3596 cinae

279 3617 293 3654 ³
321 3622 459 3701 Metaque
487 3626 586 3703 plebia.
627 3625 673 3683 De
705 3627 791 3702 cujus
848 3645 905 3701 quie
927 3627 1066 3698 Romanu,
1087 3625 1152 3683 vide
1167 3635 1226 3681 not.
1243 3605 1366 3678 etenend·

235 3701 390 3762 ‹insolentii
403 3706 530 3764 diximus
546 3707 652 3765 Aunnl.
666 3725 726 3764 xri.
741 3713 790 3765 43.
848 3707 886 3763 ad
900 3707 1006 3766 Annei.
1021 3713 1131 3768 x1.23.
1289 3777 1294 3788 ι

281 3783 296 3816 ⁴
326 3777 470 3846 satiate.
513 3786 584 3846 Inde
610 3795 653 3845 tot
680 3789 791 3846 nummi
888 3786 1054 3846 ⁹Famt'uie.
1092 3777 1366 3863 iutelligedelibertt·

242 3863 371 3938 Claudii,
390 3869 422 3925 in
441 3868 549 3945 quibus
572 3869 726 3928 exhibetur
747 3869 793 3924 uel
848 3870 910 3926 bus.
954 3869 1087 3948 lugendis
1104 3870 1179 3926 enim
1200 3859 1311 3922 foeminis
1327 3861 1368 3940 tt?

241 3967 290 4005 ras
303 3949 521 4008 frumentarium
542 3969 611 4009 cum
630 3949 726 4030 spicis,
747 3950 791 4006 uel
847 3949 1028 4007 sufficiebant
1041 3949 1132 4008 liberi.
1154 3946 1229 4003 Vide
1242 3931 1365 4018 quaedffl·

242 4027 391 4087 canas
413 4029 650 4089 Avcvsrn.
675 4033 679 4051 ·
848 4049 912 4087 mus
931 4031 959 4086 u
979 4045 1038 4089 nu.
1057 4025 1211 4088 uenena.
1230 4023 1264 4080 aa
1283 4005 1364 4098 unna

283 4105 294 4139 ⁵
318 4106 566 4188 Negotiataribue.
609 4109 682 4168 Hac
695 4119 794 4188 etseq.
849 4129 901 4168 111.
917 4117 965 4169 28.
980 4113 1030 4170 ubi
1050 4111 1145 4169 multa
1166 4109 1200 4166 de
1222 4104 1277 4180 lege
1295 4081 1363 4166 P⁸P¹l

243 4188 360 4249 Sueten.
372 4191 401 4246 in
415 4191 521 4250 Claud.
535 4209 609 4250 xtx.
850 4191 984 4268 Poppaei&

281 4263 508 4329 ‘Vaeetiouerm
551 4272 597 4329 Ne
622 4272 713 4329 forent
741 4273 792 4328 ob·
847 4308 850 4314 ,
889 4269 915 4298 ¹⁰
935 4271 991 4330 Jue
1009 4280 1131 4348 quatuor
1145 4249 1361 4348 titeromugdffl

241 4349 322 4408 noxii
345 4350 435 4428 poenis
458 4350 526 4428 legis
545 4351 642 4430 Papiae
659 4353 790 4431 Poppaea
842 4352 910 4428 jum
931 4352 1039 4413 libertae
1060 4351 1170 4430 patroni
1188 4335 1317 4409 tutelihb
1352 4351 1361 4364 ·
