2859 4950
180 292 184 305 ’
300 320 360 379 nn
384 318 614 380 nrnsooon
638 318 695 377 nu
717 318 995 379 onironrnus
1176 318 1236 383 sss

67 472 258 554 emendavit,
283 474 421 541 lectiores.
466 474 556 541 Male
583 473 764 556 Rhenanus,
786 474 920 540 altiores.
966 472 1003 539 In
1028 474 1106 541 MS.
1132 475 1237 545 Vatic.

65 593 173 659 4498.
196 584 341 651 lectiores.
417 594 422 605 '

116 694 258 763 Dicendi
269 722 366 787 genus
381 711 433 765 est.
479 698 751 765 Sehurzfleischius
763 698 887 778 omittit,
902 710 956 763 est.
985 694 1114 764 Ursinus
1129 724 1234 765 ernen-

64 808 134 886 dat,
160 809 306 875 discendi.

115 918 224 985 Pauci
245 945 344 987 serrsiu
358 922 439 1009 apti.
484 922 572 988 Bend
596 923 769 1001 Acidalius‚
795 922 1022 987 Freinshemius
1043 936 1074 988 et
1100 926 1232 993 Schurz-

61 1030 234 1099 fleischius.
280 1034 333 1099 Sic
350 1059 433 1119 saepe
447 1036 580 1099 Tullius.
612 1034 651 1098 ln
665 1035 818 1098 veteribus
834 1033 1030 1116 editionibus,
1052 1060 1153 1102 sensus
1166 1052 1230 1125 apt.

62 1154 187 1209 ercam.
234 1146 311 1212 Ms.
328 1144 648 1238 vastenensoptet.
691 1146 770 1211 MS.
788 1146 888 1210 vatic.
908 1154 1000 1212 1518.
1015 1148 1090 1232 opti.
1137 1148 1229 1215 Unde

64 1250 244 1322 Davan'zsti
269 1260 388 1324 videtur
412 1260 605 1339 emenddsse,
627 1256 751 1345 optimi.
795 1256 845 1321 Ita
869 1258 949 1321 enirn
977 1258 1074 1339 vertit,
1097 1262 1228 1345 “pochi

61 1370 202 1434 eoncetti
217 1370 348 1440 terminu
363 1364 586 1451 ottimamente,
598 1396 615 1436 e
627 1396 687 1436 eon
700 1385 787 1435 certo
802 1367 993 1455 splendore.”

110 1480 206 1545 Nihil
229 1504 394 1567 erumpere.
440 1481 571 1566 Optime
592 1482 719 1567 Lipsius
743 1483 760 1547 ὲ
785 1480 863 1547 MS.
910 1482 1081 1567 Perperam
1107 1498 1225 1551 veteres

62 1591 226 1673 editiones,
240 1593 324 1657 nidi!
333 1616 370 1657 es
381 1603 516 1678 tempore
531 1594 656 1682 rfferre.

109 1706 160 1770 Ac
173 1704 348 1771 laudatum.
393 1704 490 1771 Putat
507 1707 632 1792 Lipsius
647 1703 774 1770 omnino
788 1705 1026 1786 emendandum,
1040 1728 1077 1772 ue
1092 1706 1223 1773 lautum.

64 1815 109 1881 Et
119 1816 244 1901 quidem
259 1816 518 1903 probabilissime.

107 1926 228 2016 Fugiat
245 1928 381 2017 fadum.
426 1930 530 1995 MSS.
553 1928 656 1994 Vatic.
690 1932 773 1996 1862
800 1943 830 1994 et
855 1938 950 2005 4498.
967 1928 1107 2019 fugitet.
1143 1929 1222 1997 MS.

11 2099 13 2102 Α
60 2039 165 2104 vatic.
184 2049 276 2105 1518.
281 2040 404 2129 fugiet.

109 2150 270 2217 Terminet.
316 2152 419 2220 MSS.
435 2154 537 2219 Vatic.
553 2166 584 2218 et
598 2152 747 2218 editiones
762 2166 888 2233 veteres,
900 2152 1088 2219 determinet.

103 2374 194 2439 Cse.
209 2384 263 2441 88.
288 2368 332 2440 In
343 2376 484 2442 matribus
497 2376 701 2441 orationibus.
740 2376 835 2440 'Bend
854 2374 955 2439 MSS.
972 2373 1075 2439 Vatic.
1090 2384 1121 2438 et
1130 2374 1220 2440 editi·

56 2509 132 2551 ones
150 2501 276 2553 veteres.
322 2487 493 2575 Perperam
517 2488 552 2571 in
571 2488 639 2554 aliis
663 2489 822 2569 omissum,
847 2485 1049 2565 orationibus,
1075 2501 1108 2550 ut
1133 2491 1218 2555 rcetd

54 2597 132 2664 vidit
148 2599 305 2664 Muretus.

102 2709 175 2774 Hae
191 2712 305 2776 inoitru
320 2711 423 2777 retuli.
468 2708 555 2777 Bene
573 2712 765 2777 Puteolanus
781 2727 812 2777 et
827 2711 936 2776 deinde
948 2709 999 2774 alii
1015 2733 1132 2775 ornnes.
1178 2711 1216 2778 In

54 2821 160 2888 MSS.
176 2821 280 2889 Vatic.
300 2838 331 2889 et
345 2824 481 2889 editione
501 2821 653 2910 principe,
668 2825 829 2890 imitatas.
877 2822 954 2888 Herc
971 2847 1095 2909 quoque
1111 2823 1216 2892 mallet

51 2934 222 3000 nonanus.
441 2913 445 2919 ’

100 3043 251 3112 Oratores
274 3059 396 3113 oncant.
442 3048 547 3114 MSS.
561 3049 663 3113 Vatic.
684 3062 715 3112 et
735 3047 883 3112 editiones
900 3061 1025 3128 veteres,
1048 3047 1214 3112 vocabant.

52 3155 295 3250 Bendjipsius,
310 3169 433 3225 vocant.
478 3161 522 3225 Et
533 3160 576 3226 sic
591 3163 705 3246 passim
719 3159 748 3224 in
764 3159 824 3248 hoc
840 3157 974 3243 dialogo.
1013 3159 1214 3225 Schurzfleis-

48 3269 146 3350 chius,
162 3273 309 3337 vocitant.

96 3379 248 3470 Signdsse.
293 3381 342 3448 lta
356 3381 428 3465 libri
440 3408 547 3449 omnes
563 3384 647 3448 editi.
694 3383 731 3446 In
749 3380 1179 3478 d1SS.Vstie.signiJicdsse.

94 3495 179 3559 Ante
193 3493 306 3573 oculos,
318 3495 383 3582 qui.
427 3495 532 3562 MSS.
546 3497 650 3562 Vatic.
666 3505 739 3560 ante
754 3493 932 3572 oculos’isti‚
945 3494 1009 3580 qni.

94 3601 351 3692 Nonfirmitate,
373 3607 426 3671 sed
437 3610 574 3701 jejunio.
620 3609 707 3672 Bene
725 3605 877 3671 Sehelius.
921 3605 960 3668 ln
985 3605 1088 3670 MSS.
1104 3605 1209 3671 Vatic.

53 3719 133 3784 1862
147 3736 179 3786 ct
197 3728 294 3792 4498.
308 3718 492 3806 infirmitate
507 3721 560 3786 sed
571 3721 698 3810 jejunio
722 3727 951 3806 consequentur.
997 3717 1104 3782 Editio
1125 3717 1208 3801 prin-

47 3855 129 3917 ceps,
141 3830 364 3917 infirmitatem.
389 3829 591 3913 Puteolanus,
604 3835 768 3897 sanitatem
779 3829 831 3896 sed
831 3831 957 3918 jejunio
968 3839 1207 3915 consequuntur,-

48 3944 129 4030 quod
153 3941 308 4008 immerito
334 3947 448 4028 probat
471 3944 773 4030 Schurztieischins.¹
804 3941 940 4027 Lipsius,
968 3941 1152 4028 infirmitate
1176 3953 1205 4004 et

37 4056 171 4142 jejumo.
216 4054 414 4141 Rodoiphus‚
428 4079 492 4120 non
503 4057 696 4143 infirmitate,
710 4055 764 4120 sed
775 4053 910 4144 jejunio.

89 4166 257 4233 Aurietate
270 4168 433 4256 contingit.
477 4168 527 4233 Ita
543 4169 645 4234 MSS.
659 4169 763 4234 Vatic.
800 4165 945 4232 Abs'urdd
960 4162 1110 4228 editiones
1122 4177 1205 4230 vete·
1284 4175 1290 4190 ⁵

50 4299 104 4358 res,
120 4279 272 4344 anxietati
286 4277 422 4366 eorfirit.
467 4277 505 4346 In
522 4279 743 4346 recentioribus
758 4279 953 4345 emendatum
970 4277 1080 4357 fuerat,
1096 4276 1205 4342 anxie-

48 4400 109 4455 tate
123 4390 293 4477 contingat.

175 4522 251 4568 rou.
266 4523 314 4568 rv.
1000 4509 1070 4564 tir
