2859 4950
674 292 990 365 BREVIARIUM.

248 489 411 603 imperii
433 484 627 599 dignitati
658 496 702 569 et
721 488 935 569 securitati
956 490 1147 573 consulit.
1205 503 1270 579 20.
1299 494 1375 609 Ejus

250 664 425 748 quoque
456 630 786 715 munificentiam
821 634 982 745 experti
1014 662 1127 747 reges
1159 635 1375 741 Antiochus,

251 778 532 874 Mithridates,
571 786 615 857 et
647 774 851 885 Agrippa.
924 786 992 859 21.
1024 778 1185 864 Eadem
1232 788 1378 894 aequitas

251 955 350 1039 erga
389 923 511 1005 urbes
546 918 572 1001 a
610 917 715 1001 Caio
754 932 939 1001 vexatas
983 930 1067 1025 22.
1101 916 1276 1038 Egregia
1310 928 1375 1011 haec

249 1214 455 1326 Principis
483 1212 652 1322 ingenio
671 1222 880 1333 corrupta.
911 1220 978 1294 23.
1012 1211 1224 1323 Sulpicius
1242 1215 1375 1314 Galba,

249 1372 295 1445 et
314 1360 364 1443 P.
380 1359 602 1456 Gabinius
620 1349 929 1441 Germanorum
959 1360 1150 1441 victores.
1197 1372 1262 1445 34.
1282 1362 1377 1447 Julius

250 1517 295 1589 et
316 1504 469 1587 Annaei
487 1502 657 1585 Senecae
678 1501 814 1583 exilia.
854 1508 922 1585 25.
944 1502 1142 1586 Antoniae
1158 1518 1202 1588 et
1221 1505 1376 1589 Octauia

250 1649 426 1762 nuptiae.
497 1645 765 1728 Britannicus
799 1655 841 1727 et
879 1646 998 1730 Titus
1038 1622 1287 1733 nascunturs
1331 1650 1376 1733 th

251 1794 401 1905 Leges.
457 1800 527 1885 97.
559 1792 781 1875 Suetonius
803 1792 1016 1877 Paullinus
1049 1796 1206 1877 bellum
1235 1797 1329 1905 gerit
1350 1795 1376 1874 iu

250 1938 525 2036 Mauritania,
584 1938 887 2047 Atlantemquc
961 1952 1146 2031 montem
1229 1950 1377 2050 superat.

250 2096 319 2179 29.
352 2084 519 2168 Bellum
534 2082 712 2167 absolvit
729 2082 929 2167 Hosidius
948 2084 1073 2169 Geta.
1113 2094 1185 2170 30.
1215 2086 1376 2169 Annona

249 2259 371 2324 cura;
419 2231 680 2342 praemiaque
723 2231 787 2327 iis,
834 2232 909 2341 qui
960 2258 1087 2315 naves
1143 2232 1378 2325 fabricarent,

247 2378 479 2490 proposita.
536 2386 605 2462 31.
637 2376 707 2459 Ad
737 2377 873 2460 lacum
906 2378 1110 2461 Fucinum
1133 2376 1378 2460 emittendum

248 2536 445 2634 suscepta
463 2553 605 2635 opera.
662 2523 811 2606 Portus
832 2523 1049 2608 Ostiensis,
1106 2523 1219 2608 Osca
1249 2525 1377 2631 iugens.

248 2677 320 2775 32.
351 2665 540 2750 Vesanus
556 2666 751 2751 ludorum
770 2669 894 2752 furor.
957 2678 1026 2753 33.
1058 2667 1227 2780 Appius
1243 2667 1379 2750 Silanus

248 2801 490 2910 Messalina
510 2812 668 2896 artibus
689 2814 947 2926 pervertitur.
997 2819 1065 2899 35.
1088 2813 1238 2896 Furius
1255 2805 1380 2894 Camil·

244 2957 313 3039 ins
333 2955 642 3060 Scribonianus,
663 2950 727 3044 res
748 2991 876 3046 novas
909 2963 953 3044 in
975 2961 1194 3044 Dalmatia
1219 2957 1379 3046 moliens,

246 3103 390 3186 statim
437 3104 701 3215 opprimitur.
778 3113 847 3200 37.
898 3105 950 3188 In
998 3107 1153 3188 multos
1203 3102 1377 3188 saevitum.

246 3239 317 3325 39.
347 3225 513 3344 Arguta
533 3231 690 3317 Galaesi
724 3235 905 3319 libertas
962 3243 1031 3318 40.
1063 3233 1195 3316 Arriae
1216 3243 1379 3316 constan·

246 3377 320 3458 tia.
377 3381 447 3462 43.
479 3377 604 3462 Lucii
623 3379 802 3465 Othonis
822 3382 936 3463 varia
955 3379 1138 3462 fortuna
1194 3388 1261 3464 44.
1292 3374 1376 3469 Quae

172 3533 178 3547 ‘
246 3533 492 3632 supererant
523 3529 674 3608 veteris
703 3525 964 3636 principatus
984 3523 1086 3605 vitia
1107 3523 1275 3606 abolita.
1327 3516 1375 3598 45.

248 3663 491 3751 Puuiuntur
538 3671 672 3778 Lycii.
746 3677 814 3778 47.
859 3669 1100 3756 Messalinae
1143 3667 1314 3751 audacia
1348 3661 1377 3736 ei

247 3813 415 3897 scelera.
472 3823 541 3916 49.
574 3813 815 3928 Conjuratio
836 3813 1014 3898 aLucio
1036 3815 1205 3900 Othone
1225 3806 1373 3928 prodita.

248 3939 318 4043 50.
362 3957 528 4043 Bellum
577 3961 882 4061 Britannicum,
932 3961 1040 4044 duco
1070 3961 1180 4044 Aulo
1224 3949 1373 4042 Plautio.

248 4109 318 4208 57.
349 4101 549 4189 Claudius
585 4105 847 4192 Britanniam
877 4109 997 4218 petit.
1056 4107 1169 4218 Victi
1191 4089 1371 4189 Britanni·

247 4253 317 4343 59.
369 4247 569 4336 Promota
642 4253 760 4365 apud
836 4255 1050 4362 Romanos
1128 4236 1372 4362 Geographiae

249 4393 403 4475 studia.
