2859 4950
516 250 740 310 AGRICOLA.
927 242 933 254 ⁸
1149 258 1205 313 126

69 404 167 477 colam
191 428 264 477 non
295 403 464 479 sinerent:
491 422 543 479 tot
568 406 741 481 exercitus
757 404 794 483 in
808 404 937 482 Moesii
952 405 1145 505 Daciique,
1170 424 1205 483 et

67 518 242 593 Gemmnii
258 519 519 619 Pannoniique,
528 521 717 595 temeritate
733 537 792 595 aut
808 547 871 621 per
886 523 1056 622 ignaviam
1073 524 1204 599 ducum

67 635 210 710 amissiz¹
237 652 293 709 tot
320 636 480 711 militares
501 633 564 709 viri
587 662 669 709 curn
694 653 745 709 tot
766 638 965 711 cohortibus
992 639 1205 737 expugnati*

68 768 92 821 et
106 752 189 847 capti
201 778 228 841 ε,
238 776 308 825 nec
320 754 391 851 jam
409 754 453 825 de
469 751 575 824 limite
591 751 725 849 imperii
741 772 775 825 et
791 752 891 850 ripi,³
916 757 978 827 sed
994 755 1037 827 de
1054 754 1205 829 bibernis

70 866 227 963 legionum
245 884 281 940 et
300 867 510 965 possessione
527 866 731 941 dubitatum.
762 871 813 941 lta
828 870 915 969 crim
930 870 1204 945 damnadamnis

71 982 347 1074 continuarentur,
373 1001 475 1081 atque
504 985 617 1057 omnis
646 1010 755 1058 annus
780 983 960 1061 funeribus
986 1004 1021 1058 et
1049 986 1204 1060 cladibus

66 1095 280 1194 insigniretur,
306 1102 511 1197 poscebatur
534 1125 594 1172 ore
623 1099 720 1201 vulgi
748 1102 822 1174 dux
848 1100 1036 1201 Agricola:
1062 1125 1201 1198 compa·

66 1211 200 1287 rantibus
226 1215 363 1289 cunctis
388 1215 557 1313 vigorem,
582 1214 818 1304 constantiam,
843 1234 878 1288 et
899 1233 1083 1312 expertum
1104 1215 1202 1319 bellis

65 1326 214 1417 animum,
233 1355 319 1403 cum
335 1329 456 1403 inertiai
479 1348 513 1404 et
529 1327 713 1402 formidine
731 1354 865 1403 eorum.
918 1332 1055 1426 Quibus
1072 1357 1202 1405 sermo-

64 1441 148 1517 nibus
163 1448 243 1519 satis
259 1463 395 1521 constat
416 1445 603 1519 Domitiani
619 1471 760 1543 quoque
776 1470 876 1518 aures
892 1450 1098 1538 verberatas,
1115 1448 1201 1521 dum

65 1558 196 1653 optimus
212 1562 364 1659 quisque
381 1562 584 1635 libertorum
607 1585 725 1633 amore
742 1576 777 1633 et
793 1560 876 1649 fide,
892 1561 1028 1658 pessimi
1046 1562 1201 1661 maligni-

65 1688 124 1745 tate
135 1692 163 1746 et
173 1676 299 1765 livore,
312 1690 463 1773 pronum
475 1675 701 1747 deterioribus
712 1675 908 1771 Principem
921 1676 1197 1750 exstimulabant.

66 1787 114 1859 Sic
128 1792 292 1889 Agricola
317 1793 417 1867 simul
443 1792 511 1865 suis
528 1791 723 1882 virtutibuS,
735 1791 849 1865 simul
866 1791 954 1867 vitiis
976 1792 1139 1883 aliorum,
1163 1792 1199 1867 ln

63 1900 324 2006 ipsam'gloriam
340 1892 493 2005 praeceps
511 1910 703 2007 agebatur.4

102 2147 158 2209 42.
183 2145 361 2213 Annnnr
385 2144 454 2240 jam
482 2164 604 2229 annus,
634 2166 704 2237 quo
733 2140 1016 2237 proconsulatum
1041 2142 1136 2216 Asiae
1162 2158 1198 2215 et

64 2248 179 2329 ntncae
195 2258 403 2347 sortiretur,⁵
429 2274 463 2330 et
488 2257 601 2331 occiso
623 2252 766 2330 Civici⁶
789 2282 914 2355 nuper,
939 2281 1003 2332 nec
1019 2257 1197 2357 Agricolae

64 2368 229 2445 consilium
259 2376 389 2461 deerat,
414 2396 478 2448 nec
505 2371 705 2447 Domitiano
731 2371 959 2469 exemplum.⁷
1008 2374 1198 2447 Accessere

63 2481 189 2574 quidam
205 2489 454 2589 cogitationum
471 2486 637 2584 Principis
653 2485 766 2583 periti,
782 2488 854 2584 qui,
878 2495 903 2530 “
919 2487 1030 2559 iturus
1049 2512 1093 2561 ne
1110 2503 1199 2560 esset

64 2603 83 2636 “
104 2598 135 2670 in
152 2605 513 2706 provinciam,'’nrltro
527 2602 729 2702 Agricolam
745 2601 1011 2701 interrogarent:
1030 2627 1069 2676 ac
1081 2601 1197 2700 primi)

63 2716 218 2792 occultius
245 2729 272 2764 “
290 2723 442 2818 quietem
476 2739 511 2794 et
537 2721 646 2792 otium
660 2720 684 2753 ’³
715 2719 868 2809 laudare,
894 2715 983 2791 mex
1012 2725 1197 2816 “operam

65 2831 196 2906 “suam
228 2837 265 2908 in
293 2837 515 2933 adprobandit
550 2836 805 2910 excusatione”
833 2835 981 2908 offerre:
1017 2835 1196 2932 postremd

67 2961 124 3015 uon
142 2949 212 3045 jam
228 2953 382 3043 obscuri,
401 2955 581 3026 suadentes
606 2953 707 3026 simul
733 2969 982 3048 terrentesque,
998 2967 1198 3050 pertraxere

66 3057 99 3128 ad
122 3061 379 3141 Domitianum:
407 3069 466 3167 qui
492 3084 628 3166 paratus
654 3066 883 3155 simulatione,
903 3066 942 3138 in
966 3066 1197 3166 arrogantiam

100 3340 235 3412 ¹Amtoi.
260 3355 304 3412 De
325 3353 368 3410 his
390 3353 472 3430 plum
493 3351 592 3410 Sueto
686 3345 697 3381 ⁵
728 3348 900 3408 sortiretur.
935 3350 1004 3405 Duo
1033 3345 1194 3407 consulares

70 3420 160 3486 oiusin
183 3423 419 3502 mundantem.
444 3435 503 3490 Nos
522 3451 592 3508 quo·
647 3430 838 3505 antiquissimi
866 3428 967 3486 Asiam
1000 3435 1029 3486 et
1061 3429 1193 3489 Africam

72 3519 115 3572 «pn
144 3509 170 3567 'm
212 3517 343 3591 Append.
377 3513 512 3571 Cltronol.
555 3514 591 3569 ad
645 3519 720 3568 sorte
752 3511 913 3578 ducebam
952 3517 1047 3566 utram
1082 3503 1203 3569 scilicet.

72 3585 99 3638 ‘l-
113 3585 143 3642 U·
156 3591 189 3650 C.
204 3598 256 3652 sel
274 3607 373 3670 etseq.
646 3610 744 3648 uarum
759 3600 893 3665 regerent.

102 3659 112 3685 ²
130 3667 297 3754 depugnata
320 3675 364 3731 lto
382 3677 592 3750 quoqueverbo
657 3717 664 3729 ,
686 3668 698 3695 ⁰
722 3670 819 3728 Occiso
841 3666 947 3726 Civica.
971 3670 1018 3726 De
1040 3689 1099 3746 quo
1122 3671 1192 3730 Sne·

72 3757 289 3818 “pugnaremus
309 3769 349 3812 est
370 3753 531 3827 Lucretius,
547 3775 591 3815 u«,
647 3749 741 3806 tonius
755 3751 785 3806 in
802 3752 829 3808 D
842 3750 911 3806 nint.
928 3767 960 3807 x.
975 3747 1099 3808 Ciuicam
1111 3750 1192 3810 Cere·

76 3825 144 3890 ¹007.
646 3831 715 3887 ulem
744 3830 773 3887 in
800 3831 858 3906 ipso
886 3831 962 3888 Asioe
990 3833 1200 3905 procamium

646 3913 797 3980 intereunt,
818 3903 900 3986 qussi
921 3907 1081 3969 molitorem
1102 3931 1191 3969 nova·

77 3975 591 4048 l‘ffl‘mupwnt‚captumur,praettoatinent.
646 4011 709 4047 rum
725 4008 828 4048 rerum,

686 4067 697 4101 ⁷
720 4069 884 4129 Domitiano
905 4071 1063 4146 exemplum.
1083 4067 1191 4129 Occiso

86 4130 114 4240 ‚³
140 4142 175 4204 Et
198 4149 267 4228 ripci.
305 4153 380 4228 llipa
408 4151 537 4210 Danubii
564 4161 592 4210 et
646 4149 758 4222 Cic-iet,
777 4151 1104 4226 nccAgricolaedoemt
1123 4169 1192 4208 con·

76 4209 158 4294 litent,
170 4233 215 4304 qui
228 4241 308 4290 erant
322 4233 433 4309 imperii
450 4233 562 4292 limites.
645 4231 753 4303 silium,
764 4243 798 4288 ut
808 4232 943 4288 invidiam
959 4230 1099 4308 Principis
1110 4231 1192 4289 time·

107 4293 117 4326 ⁴
142 4301 258 4387 Ptoecepr
284 4315 429 4391 agebatur.
464 4315 590 4390 Praeceps
646 4325 696 4383 ret,
717 4332 769 4370 nec
785 4312 951 4370 Domitiano
965 4312 1144 4388 exemplum,
1157 4322 1191 4370 ut

77 4385 247 4454 repetiturus.
636 4391 779 4466 uirtutem,
793 4392 950 4453 innocentis
959 4391 1144 4470 opprimeret.
