2859 4950
269 307 328 374 ιρι
630 297 666 354 e.
690 293 891 356 coruunt
911 291 1049 354 ment

264 459 319 536 dis
335 456 503 544 obtinent,
533 451 641 551 quam
657 451 745 525 crim
754 475 876 524 mores
892 449 1036 548 periere.
1088 451 1186 526 Usus
1196 467 1231 525 et
1245 450 1342 526 seculi
1349 452 1391 526 sui

264 569 418 664 auribus,
442 568 577 643 dicendi
598 591 710 666 genus
734 565 970 664 attemperavit
985 565 1099 655 facile,
1123 569 1240 656 breve,
1264 571 1392 642 sermoni

263 691 479 792 proximum,
496 682 608 790 verbis
625 683 881 770 circumcisum,
905 684 1081 756 sententiis
1095 682 1272 782 frequens,
1290 701 1322 756 et
1331 686 1391 784 jugi

264 807 428 884 vitiorum
444 801 663 876 insectatione
680 801 724 872 ad
741 799 1002 873 admirationem
1012 802 1253 900 compositum.
1279 801 1391 874 Mirum

264 943 304 1000 ut
328 919 455 1022 placuit
476 903 569 992 nova
592 916 668 990 baec
685 915 847 988 orationis
865 916 1019 1012 species‚¹
1045 917 1083 988 in
1098 917 1170 1016 quai
1193 918 1298 992 cuiuis
1311 919 1393 990 obvia

263 1063 469 1138 semperque
494 1031 654 1132 expedita
678 1030 807 1131 ingenii
828 1055 868 1104 ac
884 1030 1019 1106 virtutis
1042 1034 1233 1108 ostentatio.
1283 1034 1392 1108 Forum

186 1152 189 1165 '
261 1161 406 1233 Seneca
422 1152 580 1226 laudibus
603 1148 716 1222 statim
735 1147 924 1246 personuit.
974 1151 1119 1224 Incensa
1141 1151 1186 1224 ad
1210 1151 1393 1224 imitandum

262 1273 419 1356 omnium
436 1267 558 1342 studia.
610 1269 724 1364 Super
739 1265 816 1340 haec
832 1264 943 1338 adfuit
958 1263 1112 1356 fortuna,
1131 1294 1212 1366 quar
1229 1293 1308 1342 eum
1322 1267 1393 1340 aula

262 1387 404 1476 deliciis,
416 1383 507 1458 forte
524 1401 559 1456 et
575 1381 772 1456 libidinibns
786 1382 982 1456 immiscuit.
1033 1387 1226 1457 Subsecuta
1241 1410 1322 1457 mox
1334 1382 1392 1455 Caii

262 1503 411 1578 Caesaris
442 1500 580 1588 invidia,
605 1498 729 1573 deinde
757 1498 923 1596 pericula,
953 1499 1079 1597 quibus
1111 1499 1214 1600 arque
1244 1499 1391 1573 inclaruit.

261 1617 500 1695 Novissimum
521 1615 661 1690 tandem
680 1639 720 1686 ac
743 1615 936 1687 maximum
955 1615 1160 1690 celebritatis
1174 1618 1394 1716 adjumentum

259 1739 360 1813 Nero
388 1733 552 1830 Princeps
579 1729 781 1828 discipulus,
805 1730 887 1826 pbst
912 1729 1126 1823 interfector,
1154 1733 1283 1832 ingenii
1309 1731 1393 1804 luna

259 1854 398 1952 pondus
413 1867 448 1922 et
463 1849 684 1946 splendorem
708 1847 882 1920 addidere.
934 1849 1029 1920 Tum
1051 1849 1176 1947 puduit
1192 1847 1393 1948 eloquentie,

260 1993 341 2068 quae
362 1965 454 2065 apud
480 1963 612 2038 animos
636 1961 794 2035 novitatis
809 1959 930 2036 furore
953 1963 1180 2038 circumactos
1206 1990 1280 2038 non
1302 1963 1392 2036 modi

259 2082 345 2164 nihil
379 2080 530 2181 pristinae
565 2077 738 2178 dignitatis
773 2077 953 2170 retinebat,
990 2081 1052 2153 sed
1090 2084 1190 2179 cujus
1204 2082 1322 2183 ,etiam
1351 2105 1393 2152 as

259 2199 443 2298 cultusque
459 2197 495 2270 in
512 2195 660 2270 ludibria
683 2213 866 2270 verterant.
917 2198 1066 2270 Favebat
1081 2198 1196 2272 adhuc
1213 2215 1393 2297 temporum

258 2315 359 2406 ratio,
393 2313 519 2414 quibus
550 2311 659 2386 virtus
692 2329 765 2386 erat
794 2311 930 2409 pavida,
961 2312 1083 2386 sceleri
1122 2313 1208 2387 nihil
1242 2313 1392 2387 illicitum.

258 2432 409 2531 Utrique
437 2425 607 2505 contraiis
635 2426 843 2527 eloquentia,
868 2454 949 2526 quae
973 2427 1055 2504 huic
1084 2429 1224 2519 lentior,
1247 2430 1297 2503 illi
1318 2430 1393 2503 inva-

259 2548 361 2625 lidior
381 2546 584 2622 videbatur.
622 2547 715 2621 Juvit
737 2546 825 2647 ergb
849 2545 887 2618 in
911 2544 979 2619 htc
1004 2562 1203 2643 temporum
1228 2548 1393 2621 acerbitate

256 2664 371 2739 verbis
386 2689 540 2763 parcere,
557 2660 771 2761 praecipitare
786 2686 919 2751 sensus,
929 2679 1108 2735 momento
1120 2655 1269 2735 exitium
1282 2661 1393 2735 inferre

256 2798 316 2855 aut
332 2797 501 2877 avertere,
511 2794 559 2867 et,
575 2777 603 2851 si
619 2794 707 2850 esset
723 2776 954 2871 pereundum,
970 2776 1095 2877 insigni
1110 2778 1203 2851 dicto
1219 2797 1393 2853 notescere.

257 2896 324 2972 His
351 2894 511 2969 dulcibus
533 2896 674 2967 Senecae
702 2890 790 2964 vitiis
815 2890 985 2990 tantisque
1012 2890 1164 2968 fortunae
1192 2894 1393 2968 varietatibus

256 3011 346 3089 victa
361 3029 413 3087 est
429 3008 636 3111 eloquentia,
652 3026 687 3083 et
703 3008 820 3085 diserti
834 3009 1003 3087 sermonis
1017 3010 1152 3085 invecta
1166 3012 1353 3117 necessitas.

226 3293 233 3301 -
305 3248 601 3323 VlI.>Morar1s
627 3264 744 3321 tamen
766 3246 887 3347 postea
907 3247 1134 3347 temporibus,
1158 3246 1247 3321 crim
1268 3245 1393 3347 ubilan·

254 3363 404 3439 tissimus
416 3364 656 3463 Vespasianus,
681 3360 810 3462 priscae'
819 3364 954 3439 virtutis
977 3364 1048 3463 qud
1064 3372 1147 3437 sese‘
1165 3365 1325 3437 Romana
1346 3384 1391 3433 res

121 3486 126 3497 '
254 3480 291 3552 in
306 3504 484 3554 summum
507 3481 617 3556 laudis
641 3478 814 3581 fastigium
830 3482 915 3555 olim
936 3481 1061 3555 extulit
1075 3480 1390 3561 obsersmtissimus,

154 3668 159 3677 .
254 3594 429 3695 publicam
445 3598 724 3696 tranquillitatem
738 3599 841 3672 simul
855 3615 890 3671 et
904 3597 1096 3673 libertatem
1112 3596 1270 3686 restituit,
1288 3590 1390 3668 studiis

253 3710 385 3790 addidit
398 3714 506 3787 decus
521 3730 555 3788 et
571 3716 861 3807 emolumentum,
876 3715 992 3789 illuxit
1013 3742 1091 3813 spes
1107 3713 1283 3788 emendari
1304 3729 1389 3808 posse

251 3826 320 3902 fori
347 3828 494 3931 ingenia.
559 3832 788 3932 Conspirabat
811 3858 885 3911 nou
908 3832 1017 3908 modb
1042 3832 1201 3908 voluntas
1225 3822 1395 3923 Pmepn,

295 4134 306 4163 ¹
334 4138 420 4196 Nom
446 4139 503 4199 lac
528 4140 665 4199 orationis
689 4140 802 4219 species.
855 4160 966 4220 semper
978 4141 1144 4209 reciderent,
1163 4141 1281 4215 ejusque
1300 4134 1386 4191 lloscu

255 4218 301 4275 lta
324 4218 436 4297 placuit
456 4220 572 4279 Senecae
592 4220 748 4298 ingenium,
768 4235 802 4282 ut
856 4223 899 4282 los
930 4233 1114 4283 sectarentur.
1158 4222 1221 4285 Nec
1255 4229 1385 4291 umquam·

253 4299 352 4374 postea
363 4300 384 4357 ii
398 4300 462 4377 ipsi,
482 4304 532 4378 qui
547 4300 715 4375 Ciceronem
737 4300 801 4361 lau·
854 4306 923 4363 dum
938 4304 1034 4363 adhuc
1047 4305 1127 4361 stetit
1138 4302 1300 4360 Romanum
1312 4297 1394 4369 impe

253 4380 370 4453 dabant,
388 4392 418 4441 et
434 4382 604 4459 eloquentia
626 4382 744 4443 laudem
758 4385 802 4443 al-
853 4386 941 4459 rium,
960 4385 1070 4447 revixit
1080 4382 1253 4463 eloquentia.

253 4462 407 4538 restabant,
426 4461 457 4523 in
476 4464 591 4537 Seneca
611 4464 800 4529 imitationem
