2859 4950
275 290 333 363 ιιιΙ
642 303 677 361 c.
698 300 897 360 contestu
917 299 1056 361 Τισιιι

270 480 343 535 non
360 456 527 555 pecuniae,
540 480 611 530 non
627 456 787 545 orbitati:
804 480 918 553 neque
934 454 1035 529 officii
1050 454 1194 556 alicujus
1209 456 1386 533 administra·

271 572 368 662 ttoni,
392 574 453 647 sed
470 572 532 647 sibi
548 572 611 669 ipsi
627 571 725 646 dari?
748 570 826 643 illos
848 568 1040 668 quinimmo
1066 573 1183 663 orbos,
1208 590 1242 645 et
1266 572 1388 671 locuple·

270 700 335 781 tes,
361 706 394 761 et
405 704 560 787 potentes
571 686 688 761 venire
701 688 907 784 plerumque
923 687 966 759 ad
976 688 1153 785 juvenem,
1170 705 1204 760 et
1219 714 1388 787 pauperem,

271 820 310 877 ut
325 822 384 877 aut
401 830 474 893 sua,
498 822 556 877 aut
573 802 764 875 amicorum
777 802 971 876 discrimina
986 804 1241 877 commendent.
1288 804 1389 877 Ullaue

270 936 364 995 tanta
385 918 576 1019 ingentium
592 940 700 1015 opum
717 942 756 989 ac
779 938 915 1015 magnae
939 917 1100 1013 potentiae
1117 918 1285 1016 voluptas,
1308 918 1390 1016 quin

270 1054 423 1135 spectare
453 1036 609 1108 homines
638 1051 782 1122 veteres,
807 1050 842 1106 et
862 1058 974 1122 senes,
999 1050 1033 1105 et
1058 1032 1162 1106 t'otius
1178 1034 1285 1108 Urbis
1306 1033 1390 1132 graii

270 1153 450 1240 subnixos,
475 1150 510 1222 in
526 1148 663 1224 summi
681 1149 838 1220 omnium
849 1172 967 1219 rerum
983 1148 1190 1222 abundantii
1206 1150 1391 1235 confitentes,

269 1264 305 1338 id
322 1269 418 1365 quod
431 1266 601 1363 optimum
617 1264 671 1354 sit,
698 1288 817 1337 senon
831 1262 982 1335 habere?
1031 1266 1107 1337 Jam
1123 1265 1223 1354 verb,
1248 1266 1305 1362 qui
1319 1282 1391 1363 toga·

222 1389 238 1400 ''
268 1398 385 1454 torum
398 1380 590 1469 comitatus,
611 1396 644 1451 et
657 1377 833 1477 egressus!
860 1403 939 1474 quae
956 1377 992 1449 in
1007 1379 1147 1475 publico
1163 1380 1308 1477 species!
1332 1404 1390 1477 que

208 1546 222 1563 -,
268 1496 450 1597 injudiciis
473 1494 663 1569 veneratio!
690 1494 786 1591 quod
812 1494 977 1591 gaudium
1003 1496 1235 1594 consurgendi
1258 1496 1391 1569 adsisten·

269 1611 373 1710 dique
397 1612 487 1697 inter
507 1626 670 1697 tacentes,
693 1610 730 1679 in
752 1631 862 1680 unum
887 1632 1091 1683 conversos:
1118 1610 1212 1683 coire
1238 1611 1391 1709 populum,

166 1736 174 1749 ’
267 1747 302 1805 et
327 1725 558 1801 circumfundi
583 1750 714 1813 coram,
739 1741 773 1799 et
800 1726 954 1821 accipere
975 1724 1137 1799 affectum
1159 1750 1391 1824 quemcumque

268 1860 385 1918 orator
400 1841 567 1915 induerit!
606 1838 756 1940 Vulgata
772 1839 958 1914 dicentium
975 1842 1112 1941 gaudia,
1128 1860 1164 1915 et
1178 1841 1392 1940 imperitorum

267 1984 408 2059 quoque
445 1958 554 2032 oculis
592 1958 758 2055 exposita,
800 1983 997 2055 percenseo.
1048 1958 1112 2030 Illa
1146 1958 1338 2046 secretiora,
1369 1970 1392 2025 et

267 2060 405 2148 tantum
422 2074 501 2172 ipsis
518 2072 694 2147 orantibus
721 2091 815 2163 nota,
840 2076 970 2173 majora
986 2088 1076 2146 sunt.
1128 2074 1208 2146 Sive
1225 2090 1394 2147 accuratam

264 2191 529 2288 meditatamque
551 2186 662 2263 adfert
688 2190 902 2279 orationem;
930 2206 980 2261 est
1004 2188 1180 2287 quoddam
1208 2190 1297 2263 sicut
1310 2188 1392 2287 ipsius

265 2305 434 2403 dictionis,
459 2306 505 2378 ita
533 2305 648 2405 gaudii
674 2307 811 2404 pondus
836 2323 871 2379 et
897 2306 1105 2380 constantia:
1131 2306 1202 2379 sive
1229 2330 1350 2380 novam
1370 2320 1394 2373 et

266 2439 441 2500 recentem
457 2426 601 2496 curam¹
617 2446 689 2497 non
705 2422 777 2496 sine
795 2422 909 2521 aliqui
929 2421 1152 2518 trepidatione
1167 2422 1275 2496 animi
1289 2419 1397 2496 adtule·

266 2541 324 2631 rit,
360 2541 432 2637 ipsa
464 2537 645 2612 solicitudo
678 2539 898 2612 commendat
926 2555 1100 2627 eventum,
1137 2555 1172 2610 et
1206 2538 1395 2612 lenocinatur

266 2655 443 2754 voluptati.
495 2657 565 2728 Sed
583 2655 825 2752 extemporalis
842 2653 1005 2743 audaciae,
1029 2672 1132 2751 atque
1155 2654 1264 2751 ipsius
1285 2650 1396 2728 temeri·

266 2769 341 2845 tatis
357 2771 412 2844 vel
429 2769 602 2869 praecipua
615 2770 809 2867 jucunditas
826 2761 886 2869 est.
938 2771 1030 2842 Nam
1047 2769 1082 2840 in
1098 2770 1239 2868 ingenio
1265 2792 1397 2869 quoque,

265 2887 353 2961 sicut
368 2885 404 2959 in
419 2909 518 2985 agro,
544 2907 755 2984 quamquam
770 2887 835 2959 alia
850 2887 911 2958 diu
929 2904 1085 2958 serantur
1110 2903 1215 2983 atque
1242 2888 1397 2960 elaboren·

263 3021 334 3091 tur,
357 3001 506 3104 gratiora
521 3018 649 3090 tamen,
674 3029 754 3100 quae
770 3002 833 3076 suti
849 3021 971 3100 sponte
989 3017 1189 3074 nascuntur.

314 3242 348 3314 t.
375 3233 560 3322 Eournnrt
579 3251 617 3307 ut
634 3235 678 3310 de
694 3261 751 3308 me
767 3235 839 3334 ipse
855 3233 975 3324 fatear,
1001 3258 1075 3306 non
1091 3258 1173 3306 eum
1189 3235 1285 3307 diem
1311 3231 1395 3306 laetio

261 3375 337 3426 rem
354 3349 422 3452 egi,
447 3351 618 3448 quomihi
635 3353 723 3426 latus
738 3353 877 3427 clavus³
907 3352 1041 3424 oblatus
1057 3366 1124 3439 est„
1145 3350 1201 3422 vel
1221 3376 1293 3449 quo
1309 3349 1395 3421 homo

303 3623 472 3682 'orbitate
512 3629 604 3702 Cotus
618 3647 718 3704 mana
731 3640 810 3685 orant
899 3623 1044 3684 ²Notum
1078 3634 1105 3683 et
1140 3636 1278 3684 recertttm
1309 3639 1393 3683 ιιιιιιι

140 3717 145 3724 “
263 3707 292 3764 in
313 3706 390 3765 Urbe
410 3717 509 3781 prettu
550 3708 626 3765 l'ido
647 3699 734 3785 supra
752 3712 812 3766 Λιι-
862 3707 964 3766 Curam
985 3709 1083 3763 erdem
1098 3725 1178 3764 sensu
1197 3701 1394 3782 ιιειιιριιιιιΤι

260 3787 651 3846 nal.11125.e.tx11152.
693 3789 812 3881 Quanto
861 3787 1057 3847 cituslnoul.
1072 3805 1123 3846 ιιι.
1136 3793 1184 3848 94.
1225 3789 1395 3844 Αίιιιιιιιιιιι·

263 3867 355 3926 Roma
370 3865 605 3943 fuitoorruptior,
626 3879 704 3927 tanto
723 3872 812 3945 magis
862 3868 927 3936 itur,
946 3869 1029 3925 simul
1050 3868 1234 3926 ceteroillirs
1248 3866 1337 3925 aetotis
1355 3879 1394 3916 ιιι-

263 3946 526 4006 accretrtorbttatts
538 3945 626 4004 lavor
659 3950 728 4006 lude
741 3954 812 4007 Αιιι
861 3951 981 4016 moreio,
1011 3949 1036 4006 si
1059 3947 1198 4023 effectis
1188 3967 1216 4004 ιιι
1243 3967 1304 4023 quoe
1326 3937 1395 4005 remla

262 4029 374 4086 mianus
388 4026 583 4098 Marcellinus,
598 4045 667 4086 xiv.
682 4034 711 4085 5.
749 4030 811 4088 Vile
857 4029 954 4106 plures
967 4031 1004 4086 nd
1016 4048 1099 4087 cures
1111 4029 1197 4086 vitam
1208 4029 1373 4109 produxero.

204 4157 211 4171 .
261 4129 321 4166 esse
329 4107 461 4186 quidqmd
468 4115 547 4164 extra
558 4109 644 4166 Urbes
652 4127 810 4184 pontianum
900 4103 1024 4166 ³Lotus
1048 4109 1152 4166 clatus.
1191 4109 1247 4166 Jus
1266 4103 1392 4165 senatoris

69 4195 73 4210 ¹
180 4238 183 4243 .
260 4189 388 4247 noscitur
406 4188 552 4250 (estimant,
570 4191 810 4266 preterorbotrt
858 4189 1012 4265 diguitatis,
1031 4190 1080 4263 cuj
1085 4207 1117 4245 us
1134 4189 1316 4264 insigueerat
1333 4186 1393 4240 latus

261 4269 386 4336 calibem
408 4269 545 4326 necet-cdi
561 4277 653 4346 potest
666 4267 721 4344 qud
734 4270 809 4328 obae—
859 4269 966 4340 clavus,
985 4289 1035 4326 seu
1057 4269 1138 4326 vestis
1152 4269 1215 4326 latis
1229 4289 1267 4325 ex
1283 4279 1393 4344 purpura

192 4419 193 4424 ἵ
259 4351 385 4426 quior-um
405 4347 709 4408 diversitatecoluntur
727 4350 812 4409 homi·
858 4349 1102 4426 plagisdistincta.
1135 4348 1311 4407 Dehaco
1264 4347 1393 4433 dignitate,

260 4427 482 4488 nassiternam·
497 4427 599 4488 Romo.
856 4444 1109 4506 qusquenuctote
1123 4430 1267 4508 Principe,
1289 4424 1391 4490 Plinius.
