2859 4950
240 268 300 325 ³52
654 264 1011 357 suenuanssrutt
1186 267 1371 341 suunt.

122 408 128 419 ’
236 446 310 511 sus,
346 418 575 519 vituperans
599 417 736 502 fortiter
762 422 936 497 occubuit.
987 412 1158 497 Anteius*
1192 423 1370 499 domesticas

240 537 393 637 injurias,
428 536 602 611 cadaveris
629 538 840 635 spectaculo,
876 537 1064 611 ulciscendi
1090 538 1235 637 turpiter
1250 540 1371 631 avidus,

239 652 408 754 inglorius
423 653 533 753 periit.
585 653 657 727 Alii
673 654 815 751 plurimi
831 670 947 729 sontes
963 672 998 727 et
1014 653 1166 731 insontes
1183 657 1340 731 trucidati

293 900 328 962 2.
355 890 538 961 [urrann
554 886 647 961 fama
657 887 762 962 caedis
777 888 952 961 theatrum
968 886 1115 987 pervasit
1124 878 1138 979 ’ς
1158 904 1192 961 et
1203 914 1266 986 pro
1282 892 1372 989 cujus

243 1033 312 1107 que
327 1023 387 1079 aut
401 1005 555 1105 ingenio,
578 1022 639 1078 aut
653 1002 809 1095 fortuni,
826 1004 918 1077 varie
935 1009 1100 1103 accepta.²
1149 1006 1253 1079 Plebs
1268 1006 1373 1079 Princi·

245 1147 341 1223 pem,
357 1120 449 1194 ludis
463 1120 634 1209 deditum,
648 1120 705 1193 vel
718 1118 883 1195 amissum
899 1120 1034 1209 dolore,
1058 1121 1113 1193 vel
1130 1122 1265 1195 salvum
1280 1123 1372 1195 crede·

243 1265 293 1312 re.
345 1237 457 1325 Servi,
481 1236 722 1333 scelerumque
751 1236 911 1327 artifices,
936 1238 982 1311 ob
1009 1236 1197 1311 delationes
1225 1238 1372 1333 malasque

244 1372 335 1429 artes
347 1354 480 1426 timere.
530 1351 679 1441 Pauicii,
695 1352 869 1450 ceterique
886 1352 1032 1442 nobiles,
1056 1338 1295 1425 dominationis
1308 1370 1373 1423 atro·

244 1469 400 1544 citatibus
415 1466 553 1556 infensi,
578 1492 617 1539 re
641 1466 763 1557 laetari,
787 1467 900 1565 specie
925 1467 1060 1541 tristari.
1113 1468 1254 1543 Conscii
1279 1472 1372 1567 conju·

246 1585 386 1659 rationis
408 1586 519 1659 silere.
570 1584 728 1674 Plurimi,
754 1584 879 1683 qubus
895 1584 1022 1682 volupe
1039 1602 1089 1657 est
1105 1586 1187 1658 licta
1203 1585 1374 1671 divendere,

245 1728 367 1799 spesve
381 1701 418 1772 in
435 1698 580 1773 turbidis
594 1724 739 1797 ponere,
755 1700 810 1773 alii
826 1700 965 1775 differre
982 1708 1008 1743 ‘⁶
1024 1700 1245 1775 vulneratum
1261 1702 1375 1799 quiden

251 1824 276 1857 “
301 1818 440 1904 Caium,
465 1816 527 1893 sed
548 1814 677 1904 vivere,
701 1833 737 1888 et
752 1816 954 1889 vulnenbus
979 1814 1132 1891 fomenta
1159 1816 1271 1915 parari
1282 1818 1316 1889 :’'
1337 1812 1375 1886 alil

250 1940 274 1973 “
300 1924 424 2007 cruore
446 1934 644 2005 madentem
664 1932 702 2005 in
720 1930 799 2006 foro
815 1933 962 2021 adstare,
987 1933 1228 2033 populumque
1244 1936 1286 2006 ad
1301 1930 1375 2004 ultio

249 2054 275 2089 ⁴⁴
300 2072 396 2137 nem,
421 2066 456 2121 et
471 2048 688 2147 optimatium
703 2048 974 2124 internecionem
990 2050 1159 2124 hortari.”

297 2294 333 2354 3.
357 2282 409 2353 Its
435 2281 635 2355 rumoribus
660 2282 825 2381 gliscebat
850 2299 986 2357 terror:
1011 2280 1170 2373 increvit,
1197 2282 1282 2357 etim
1307 2280 1377 2355 thea-

245 2416 355 2488 trum,
391 2397 562 2471 destrictis
594 2398 729 2498 gladiis,
765 2396 1011 2473 circumsidere
1045 2398 1219 2471 Germani
1252 2396 1376 2484 milites,

199 2587 202 2596 .
243 2531 386 2615 'araeque
400 2514 554 2613 praefixis
571 2514 767 2590 occisorum
791 2514 971 2614 capitibus,
995 2513 1079 2614 quid
1100 2515 1265 2589 omnibus
1291 2511 1379 2586 itnnti·

244 2649 345 2706 neret
376 2630 520 2729 periculi
555 2635 794 2705 ostentavere.3
858 2630 986 2706 Cuncti
1019 2629 1154 2706 veniam
1187 2631 1379 2726 salutemque

244 2749 401 2821 orabant.
452 2747 658 2837 Temeritas,
699 2773 779 2846 quae
808 2747 845 2822 in
879 2746 1044 2822 extremis
1077 2747 1167 2820 valet
1195 2745 1379 2847 plurimun,

245 2863 528 2961 tranquillitatem
550 2864 837 2964 securitatemque
862 2863 1040 2964 inopinato
1066 2863 1201 2938 adtulit.
1253 2861 1380 2960 Quidam

247 2977 342 3052 enirn
358 2981 579 3070 Arruntius,⁴
601 3005 722 3056 rerum
739 2982 915 3056 venalium
935 2979 1115 3080 praeconio
1136 2981 1286 3078 indeque
1301 2971 1381 3074 partit

247 3093 372 3191 opibus
387 3091 555 3187 famosus,
578 3097 654 3171 atri
681 3115 791 3190 veste,
815 3095 1031 3196 ftmereoque
1059 3097 1201 3195 planctu
1230 3096 1380 3168 theanum

248 3210 364 3300 subiit,
389 3229 424 3284 et
450 3213 621 3288 “Caium
645 3213 823 3290 Caesarem
848 3231 1028 3289 mortuum
1053 3213 1153 3288 esse”
1180 3205 1379 3290 vociferavit;

248 3351 335 3399 mox
351 3327 641 3421 circumcursans,
665 3331 831 3407 militibus
847 3330 1019 3432 “gladios
1042 3329 1264 3404 condereut”
1280 3343 1380 3400 renuu·

249 3444 355 3518 tiavit.
405 3445 473 3520 His
488 3445 602 3539 furor,
627 3449 750 3524 ceteris
766 3468 880 3524 terror
895 3447 1009 3524 statim
1024 3445 1208 3546 relanguit.

242 3685 247 3698 '
300 3689 336 3752 4.
371 3679 495 3754 Hnuo
527 3681 626 3756 aliter
657 3685 774 3758 sedata
806 3681 916 3758 Urbis
955 3681 1179 3780 perturbatio.
1236 3665 1379 3794 Praetotllss

249 3795 452 3872 cohortibus
466 3795 705 3875 interfectores
722 3800 955 3900 undequaque
967 3796 1288 3898 pervestigannbus,
1303 3807 1379 3882 trept-

294 3995 306 4023 ¹
327 3997 460 4058 Anteius.
499 4001 556 4058 Vir
573 4001 705 4058 senatorii
731 4001 808 4060 ordi·
861 3999 1075 4079 tiq.Jt1d.x1x.
1091 4009 1158 4059 Lu.
1176 3995 1221 4058 16.

249 4077 307 4149 nis,
327 4083 413 4155 cujus
431 4091 512 4157 pater
523 4081 541 4138 b
554 4082 627 4139 (aio
641 4083 805 4140 inexilium
901 4077 912 4111 ³
936 4083 1128 4140 Ostentuvere.
1168 4079 1282 4156 Jotcph.
1293 4071 1378 4136 ibid-u

226 4172 349 4298 ,Gepiqts
360 4179 430 4220 mox
442 4161 535 4220 luerat
544 4162 668 4222 occisus.
688 4161 805 4240 loseph.
865 4169 917 4276 183
937 4242 1095 4302 Arruntius
1146 4243 1173 4303 R
1246 4245 1331 4300 mm!
1346 4229 1378 4288 J&

253 4259 265 4298 1
294 4285 326 4346 ἰ
346 4319 432 4379 Varie
463 4331 588 4399 acceptu.
643 4323 689 4381 De
723 4323 808 4382 variis
862 4325 942 4405 seph.
956 4324 1026 4384 ibid.
1041 4343 1070 4382 n.
1087 4287 1134 4386 1³⁸.
1174 4264 1218 4304 em

248 4399 335 4462 litte
347 4403 477 4462 rensibus
489 4403 552 4462 vide
564 4403 734 4484 losepltum,
750 4409 809 4464 An-
