2859 4950
216 312 257 375 26
585 312 621 369 C.
642 308 842 371 CORNELII
861 308 1000 373 ‘taeter

213 468 391 557 sententia,
407 462 547 541 fremitu
564 486 809 563 aspernantur:
837 468 889 543 sin
909 468 1049 567 placuit,
1074 468 1227 547 frameas
1243 494 1367 549 concu-

61 570 74 595 ⁸
121 588 124 597 '
213 586 327 661 tiunt.¹
377 584 690 657 Honoratissimum
702 586 861 659 assensus
877 612 987 686 genus
1003 606 1067 679 est,
1091 589 1199 663 armis
1218 590 1365 663 laudare.

271 828 325 889 12.
353 820 477 890 chnr
495 817 586 914 apud
599 816 783 889 concilium
796 841 955 891 accusare
968 844 1120 917 quoque,
1134 836 1170 893 et
1184 820 1366 898 discrimen

215 934 331 1029 capitis
355 934 541 1005 intendere.
592 932 775 1007 Distinctio
801 960 983 1031 poenarum
1008 962 1054 1009 ex
1076 936 1228 1011 delicto:
1257 937 1368 1033 prodi·

214 1054 331 1121 tores*
363 1066 397 1121 et
426 1044 619 1145 transfugas
647 1049 827 1123 arboribus
856 1050 1113 1147 suspenduntz³
1144 1052 1306 1150 ignavos
1334 1068 1366 1125 et

214 1163 397 1252 imbelles,⁴
425 1182 459 1235 et
488 1188 633 1261 corpore
666 1162 836 1255 infames,⁵
863 1190 965 1239 coeno
994 1192 1034 1241 ac
1067 1166 1210 1265 palude,
1245 1165 1366 1267 injecti

216 1278 356 1375 insuper
372 1297 476 1367 crate,
503 1299 676 1378 mergunt.
729 1282 915 1355 Diversitas
931 1283 1086 1381 supplicii
1110 1283 1196 1359 illuc
1218 1283 1366 1381 respicit,

216 1408 393 1493 tamquam
417 1396 545 1469 scelera
561 1396 693 1469 ostendi
716 1414 884 1495 oporteat,
911 1398 996 1471 durn
1020 1398 1229 1495 puniuntur,
1246 1398 1367 1497 flagitia

261 1716 425 1777 'frameas
438 1721 608 1779 concutiunt.
642 1723 707 1781 Hoc
720 1744 764 1782 ar·
815 1724 1013 1783 autminirtrt'e
1027 1728 1097 1803 ejus,
1117 1722 1154 1781 ael
1173 1723 1303 1798 patrium
1324 1722 1367 1779 de·

219 1819 332 1857 morum
365 1820 433 1856 sono
466 1802 565 1857 Civilis
606 1804 762 1861 orationem
806 1808 989 1879 studendum,
1014 1814 1038 1862 el
1068 1806 1109 1862 irc
1138 1802 1307 1881 neglexerit,
1339 1809 1365 1857 el

219 1880 406 1956 approbatam
428 1882 550 1938 vidimus
577 1903 664 1959 supra
688 1886 763 1964 liist.
816 1886 1200 1962 exereitusanperuenerilael
1212 1884 1366 1959 isliusreg-

221 1977 266 2017 rv.
285 1966 330 2017 15.
817 1967 845 2022 ni
858 1967 1050 2034 uastationem,
1064 1966 1108 2023 cel
1125 1966 1163 2022 ud
1178 1960 1366 2021 contrarieta-

259 2034 274 2063 ²
293 2040 468 2099 Proditores.
498 2042 546 2100 Sic
560 2042 680 2111 tassilo,
702 2044 762 2100 dux
818 2043 1365 2121 lein-ridellumnoslrorunr,capitalisub·

220 2120 508 2193 Bajoaritnlluenrin,
520 2124 765 2199 proditionisrens,
808 2130 911 2203 jacent
922 2127 1075 2183 sententio.
1103 2124 1180 2182 Illud
1197 2126 1306 2181 crimen
1319 2122 1363 2179 ad·

219 2199 239 2256 a
254 2201 376 2270 Francis,
397 2204 543 2277 Bajoariis,
564 2204 765 2279 lnngobardis,
817 2206 875 2264 huc
888 2226 1032 2263 summum
1043 2218 1084 2263 est
1096 2204 1174 2283 apud
1185 2204 1364 2261 Cane-denses

194 2353 198 2358 1
221 2281 394 2351 Saxonibus,
412 2298 441 2339 et
461 2284 576 2359 reliquis
597 2284 625 2340 in
641 2284 764 2341 coneilio
820 2288 961 2344 barbaros.
1005 2287 1078 2343 Vide
1092 2288 1123 2344 P.
1135 2283 1363 2351 chlrurleroix,

218 2365 415 2437 presentibus,
435 2367 529 2439 capite
550 2365 701 2422 damnatus
714 2378 764 2424 eat.

147 2436 155 2447 ’
178 2496 182 2503 .
221 2441 276 2499 Sed
290 2442 386 2502 Caroli
403 2444 501 2519 blugni
514 2444 676 2513 elemelrtiai,
689 2446 765 2503 acci-

219 2522 256 2580 ris
276 2523 404 2584 crinibus
418 2539 446 2582 et
466 2537 539 2584 veste
552 2526 708 2584 monastica
723 2527 765 2583 in-

221 2605 319 2675 dutus,
332 2605 361 2662 in
383 2607 583 2663 monasterium
606 2619 699 2664 trusus
713 2618 765 2664 cst.

220 2683 296 2740 Vide
304 2687 446 2745 eruditum
466 2687 637 2760 Eccardum,
650 2689 696 2745 De
709 2689 771 2745 lle-¹

221 2765 270 2823 bur
300 2765 426 2825 l'rnnet'oe
450 2767 613 2835 Orientali,
648 2767 715 2824 Vol.
742 2785 763 2825 1.

221 2863 249 2920 p-
266 2851 334 2908 795.

260 2921 272 2954 ³
295 2928 450 2984 Arboribus
462 2914 640 3004 strependuirl.
670 2928 710 2985 Ut
724 2927 763 2984 ibi

184 3015 190 3026 “
220 3005 307 3062 vitnr'n
329 3008 449 3067 finirent.
492 3010 574 3066 Unde
594 3011 617 3068 si
643 3009 765 3084 depono

220 3099 326 3157 rentur,
347 3090 438 3162 graiis
463 3103 524 3146 erat
544 3109 636 3165 pirna.
687 3089 763 3145 Vide

110 3173 123 3190 ⁹
219 3179 314 3225 notet
327 3171 436 3225 emend.
446 3170 480 3226 nd
495 3189 559 3245 cup.
576 3178 620 3230 12.

260 3246 274 3279 ⁴
295 3248 419 3327 ignauos
433 3259 460 3305 et
474 3249 601 3307 imbelles.
628 3251 762 3307 Vidimus

818 2366 941 2425 Journal
966 2365 1134 2443 Historique
1164 2366 1233 2424 el'un
1260 2383 1363 2440 voyage

818 2448 887 2512 duna
912 2446 1090 2523 l'Arnlrique,
1118 2444 1220 2504 Lellre
1247 2463 1315 2503 xlv.
1337 2464 1362 2521 p.

819 2535 887 2594 217.
902 2527 1065 2586 Porrdcbm
1075 2527 1268 2606 proditorum,
1278 2538 1364 2582 truns-

817 2610 959 2684 t'ugnrum,
972 2609 1137 2684 ignavorum
1153 2619 1182 2664 et
1203 2607 1362 2664 imbellium

817 2687 1362 2764 odiosissimeessentscelceaflagitiave,

818 2771 892 2838 inde,
925 2770 948 2827 si
980 2769 1123 2826 immoritb
1159 2770 1362 2844 objicerentur,

818 2851 927 2908 atrocia
938 2859 1017 2907 erunt
1030 2849 1163 2907 convitia.
1206 2850 1276 2906 Huc
1288 2866 1364 2925 spec·

818 2942 859 2987 tat
884 2931 944 2988 Lex
970 2930 1076 3000 Salica,
1099 2931 1156 2986 Tit.
1179 2947 1305 2987 xxxrrr.
1333 2928 1364 2986 de

818 3011 966 3080 convitiis,
979 3009 1032 3086 leg.
1047 3017 1076 3069 3.
1105 3009 1138 3067 Si
1161 3010 1223 3084 quis
1244 3009 1362 3066 alterum

817 3101 993 3149 concreatum
1015 3099 1065 3148 out
1089 3090 1263 3167 vulpeculam
1286 3107 1363 3148 noca·

817 3173 900 3239 uerit,
925 3179 989 3244 120,
1008 3171 1070 3228 den.
1084 3169 1254 3248 qui-faciunt
1268 3170 1319 3227 sol.
1334 3175 1361 3226 3.

819 3253 907 3328 Angl.
943 3252 980 3310 ll.
1019 3247 1078 3309 16⁸.
1106 3251 1254 3325 culpabilia
1282 3247 1362 3327 jndi-

220 3349 307 3406 snpra
326 3349 391 3406 cap.
413 3327 441 3387 6.
461 3331 533 3386 infra
553 3349 669 3408 quoqne
686 3331 762 3388 ride·
818 3341 907 3401 cetur,
921 3333 974 3408 leg.
987 3339 1016 3389 4.
1039 3331 1071 3388 Si
1084 3331 1145 3407 quis
1157 3331 1278 3390 alterum
1291 3331 1361 3406 lepo-

220 3410 315 3466 bimus
334 3429 399 3486 cap.
425 3417 461 3468 rt
483 3423 511 3469 ct
532 3417 581 3468 31.
600 3413 714 3486 ignaros
734 3423 762 3468 et
819 3431 876 3469 rem
892 3413 1063 3482 clamaverit,
1086 3418 1154 3470 240.
1169 3413 1231 3469 den.
1252 3410 1299 3488 qui
1310 3409 1362 3488 sa·

220 3489 349 3548 imbelles
370 3492 480 3558 vixisse,
501 3492 547 3548 sed
568 3492 714 3569 squalidos
735 3503 764 3548 ct
819 3493 896 3550 ciunt
918 3495 999 3552 solid.
1019 3487 1048 3549 6.
1064 3491 1206 3570 ΑπςΙ.3Ι.
1224 3499 1285 3552 1οε.
1307 3489 1361 3548 cul·

220 3573 378 3646 probrosos,
395 3575 427 3628 rit
448 3573 516 3628 tales
531 3573 658 3629 homines
672 3573 763 3629 decet.
817 3573 919 3653 pabilis
925 3573 1084 3648 judicetur.
1194 3573 1198 3581 ’

221 3651 282 3721 Qui
296 3665 360 3708 sunt
370 3653 436 3728 ergb
451 3653 544 3726 ignavi
560 3653 602 3708 illi
615 3665 644 3710 et
664 3653 764 3710 inrbel-
860 3651 870 3684 ⁵
897 3651 1020 3730 Corpore
1046 3653 1172 3732 irffamca.
1206 3651 1359 3728 Flagitium

219 3732 405 3808 les,quorum
419 3733 557 3808 flagitium
570 3733 694 3811 capitale
706 3737 763 3812 est?
819 3733 894 3790 illud
918 3735 995 3810 apud
1025 3733 1182 3792 Germanos
1206 3735 1278 3792 oded
1305 3731 1359 3788 fuit

221 3814 450 3871 Existimaverirn
464 3833 511 3871 eos
528 3833 594 3884 esse,
614 3815 675 3890 qui,
696 3816 764 3872 dato
819 3815 994 3891 pudendum,
1010 3826 1042 3871 ut
1055 3815 1098 3871 vel
1112 3816 1173 3889 ejus
1185 3831 1286 3872 nornen
1301 3811 1358 3868 viro

220 3894 765 3972 militiaenornine,adbellumnonpro-
818 3895 953 3970 objecisse
986 3897 1146 3971 gravissimo
1181 3894 1357 3972 plecteretur.

220 3975 424 4034 ficiseerentur.
466 3975 540 4032 Vide
552 3975 664 4032 lulium
674 3977 766 4033 Caesa-
821 3977 853 4032 ln
867 3975 926 4052 lege
936 3971 1104 4047 salictffit.
1115 3971 1357 4034 xxxrrurleCon

220 4075 290 4122 rem,
317 4055 389 4113 Bell.
411 4055 490 4114 Gall.
512 4075 556 4112 vr.
580 4063 629 4115 22.
664 4055 765 4114 Posteb
819 4056 905 4114 vittis.
926 4056 978 4134 leg.
995 4065 1020 4114 1.
1038 4055 1144 4134 Siquis
1164 4057 1281 4114 alterum
1302 4051 1357 4109 ciu-

219 4137 312 4194 edixit
349 4139 506 4213 imperator
537 4137 702 4194 Clotharius
736 4136 764 4193 in
819 4137 1170 4208 nitumnncaret,unus.
1186 4148 1357 4202 urrunnu,

219 4217 281 4293 lege
295 4217 559 4294 Langobardorum,
577 4218 627 4275 lib.
642 4235 692 4274 111.
705 4218 764 4274 Tit.
819 4213 887 4277 600.
898 4220 960 4277 deu.
973 4217 1138 4298 quifneiunt
1150 4219 1201 4277 rol.
1217 4221 1262 4278 15.
1271 4209 1357 4290 Argi.

221 4315 297 4356 xrrt.
313 4299 378 4375 Leg-
396 4307 421 4356 l.
456 4297 626 4377 Quicumque
635 4299 705 4356 liber
719 4298 766 4356 lto·
818 4299 859 4370 91.
873 4296 1181 4378 culpabilitjmlicelur.

219 4398 263 4438 nro
276 4381 293 4438 ὰ
307 4377 412 4439 comite
425 4399 474 4439 auo
482 4379 582 4458 suerit
599 4379 765 4452 admonitus,
