2859 4950
273 304 332 371 sat
745 298 958 361 alunnum
1202 304 1366 373 nuum

268 478 370 554 ioris'
392 498 516 567 coenn3
548 496 653 573 quam
682 496 787 571 super
811 450 954 577 jocosa²
978 488 1012 549 et
1027 452 1230 577 indiligens'
1251 476 1367 555 bilain.

270 598 339 671 Hic
356 592 548 670 communis
562 592 642 665 nitae
659 596 787 663 tenor.⁴
969 613 972 625 ·

321 839 380 903 49.
406 828 566 914 Eannn,
591 840 625 897 et
641 821 743 895 naxia
760 821 881 921 magis,
898 846 980 922 erga
996 822 1122 898 liberos
1134 848 1231 915 cura,
1255 828 1325 901 ciun
1334 830 1373 901 rei·

271 946 419 1046 publicae
435 964 566 1029 amore,
590 956 667 1010 tum
683 938 812 1010 domus
841 938 962 1036 glotii.
1013 938 1201 1013 Paternum
1230 942 1310 1014 emm
1331 944 1374 1015 aui-

271 1084 371 1135 mum
398 1058 545 1155 angebat
570 1050 803 1141 Domitianus,
828 1050 1017 1149 praefemce
1035 1054 1163 1145 indole,
1189 1073 1224 1128 et
1246 1056 1374 1149 monna

271 1175 421 1249 fortunae
437 1196 510 1243 suae
527 1167 683 1241 libidines
704 1188 884 1264 praeceps:
921 1192 1001 1241 eum
1019 1184 1115 1267 pater
1131 1172 1285 1268 privatim
1299 1174 1376 1271 obju-

270 1284 682 1393 gationibus,³inpublico
694 1284 883 1357 honoribus
895 1286 938 1358 ad
950 1284 1091 1360 meliora
1101 1292 1290 1363 revocabat.
1300 1292 1376 1373 Titus

271 1406 375 1505 panis
387 1401 531 1491 deliciae,
543 1424 621 1499 spes
633 1401 865 1499 columenque
877 1402 1009 1499 imperii
1024 1426 1034 1475 ε
1051 1404 1124 1501 ipse
1133 1420 1250 1477 tamen
1259 1404 1376 1501 inquieta

271 1523 372 1596 mmm
383 1519 603 1593 solicitudinis
615 1542 730 1608 causa,
755 1542 826 1590 non
841 1518 1009 1617 suspicaci
1020 1518 1188 1617 Principis
1204 1520 1329 1619 ingenio
1348 1520 1376 1613 (il

271 1636 363 1711 enim
380 1636 450 1708 vitii
470 1632 676 1733 igenerosi
693 1652 815 1706 mente·
836 1634 971 1729 aberat)
998 1636 1057 1708 sed
1088 1634 1278 1709 recentium
1301 1634 1376 1705 adhuc

270 1752 468 1851 reipublicae
485 1750 715 1847 procellarum
738 1747 918 1839 memorii,
948 1768 982 1823 et
1011 1750 1154 1825 occultis
1179 1750 1377 1823 sermonibus:

271 1869 384 1941 “Titi
406 1868 513 1939 sidem
527 1863 708 1939 vacillare:
736 1861 851 1939 favere
868 1866 1045 1973 legiones:
1069 1890 1135 1940 nec
1151 1866 1321 1965 religione,
1343 1864 1378 1936 sd

272 1991 298 2028 ‘⁸
324 1980 526 2079 explorandi
542 1980 674 2053 animos
690 1980 806 2069 causi,
830 1982 921 2053 inter
931 1982 1054 2079 Apidis
1071 1980 1193 2073 sacra?
1216 1984 1253 2054 in
1270 1978 1378 2052 maximi

272 2106 299 2147 “
324 2096 467 2197 AEgypti
484 2095 691 2185 celebritate,
716 2094 815 2194 regni
843 2096 1036 2194 cupidum,⁷
1061 2099 1159 2199 regio
1188 2124 1288 2171 usum
1303 2096 1379 2167 diade·

273 2222 299 2261 “
324 2215 452 2287 mate.”
537 2229 616 2301 itus,
642 2212 718 2286 haec
747 2212 783 2285 in
810 2214 911 2287 Urbe
935 2214 1079 2313 jactitari
1106 2215 1294 2312 impatiens,
1316 2208 1378 2308 quil

272 2328 479 2404 consciendi
488 2327 634 2425 integer,
645 2324 807 2401 festinans
819 2328 969 2401 Romam
981 2331 1220 2426 proficiscitur.
1239 2328 1379 2427 Legiones,

272 2469 352 2544 quae
377 2444 632 2542 Hierosolyma,
667 2468 710 2517 eo
737 2446 839 2536 duce,
874 2456 1048 2544 ceperant,
1066 2479 1069 2486 ¹
1087 2454 1113 2490 “
1130 2463 1190 2519 aut
1216 2456 1379 2518 remaneret.

272 2571 299 2606 “
323 2578 381 2633 aut
409 2585 527 2633 secum
553 2583 674 2632 omnes
698 2560 825 2658 pariter
841 2559 1084 2651 abduceret,⁸’'
1111 2560 1239 2635 frustra
1255 2579 1378 2633 oravere:

271 2677 391 2776 quinta
405 2676 442 2746 in
458 2675 633 2764 Moesiam,
658 2675 909 2774 quintadecima
938 2677 973 2749 in
990 2676 1218 2767 Pannoniam,
1244 2673 1379 2748 remissi

273 2929 433 3005 adiuvaret.
448 2923 644 2982 lndnSueton.
659 2926 687 2982 in
699 2926 817 3003 Vespas.
874 2947 958 3005 eaque
981 2937 1117 2986 momenta
1142 2927 1285 2987 domestici
1305 2925 1335 2981 ad
1349 2917 1379 2974 al·

274 3027 347 3069 m.
368 3007 425 3064 Sea
438 3013 465 3063 et
477 3005 678 3063 convivabatur
686 3001 815 3064 assidui:
874 3009 941 3088 qnid
961 3011 1108 3086 petendum
1132 3003 1296 3086 niagnoperi
1317 3009 1378 3082 capit

273 3113 308 3150 ae
321 3089 421 3165 sepiis
439 3087 517 3144 rectd
533 3105 567 3144 ac
581 3085 697 3162 dapsili,
716 3095 751 3144 ut
763 3107 819 3144 rna·
874 3089 951 3146 bant.

273 3171 403 3230 cellarios
423 3171 583 3242 atlp'ucarrt,
626 3164 691 3224 llaic
721 3167 750 3223 in
779 3187 818 3238 re,
915 3165 1024 3226 *Vita
1039 3176 1128 3226 terror.
1170 3169 1285 3226 Sueton.
1302 3161 1375 3220 iuius:

274 3267 309 3310 nt
341 3251 371 3307 in
399 3247 463 3306 aliis
495 3248 627 3323 plurimis
651 3250 818 3322 Augustum
875 3249 1296 3325 Aurel.Victor,qupitome.
1321 3237 1377 3298 listi·

274 3333 413 3400 imitatus,
443 3329 479 3384 de
508 3345 569 3401 quo
601 3327 756 3384 Suetonius
789 3329 818 3384 in
875 3337 965 3387 tutum
979 3331 1043 3386 verb
1067 3330 1205 3408 uiiffunne
1219 3323 1369 3399 omniinpcn

274 3415 352 3488 Aug.
368 3427 479 3467 nxxrv.
493 3409 591 3463 eadem
614 3408 711 3464 iisdem
728 3409 830 3465 verbis·
876 3409 975 3466 tenuit.

276 3501 434 3554 memorum
455 3499 483 3545 ct
494 3487 592 3543 addit:
615 3487 722 3545 Canum
735 3485 818 3544 trinis
916 3485 1216 3566 'objurgationibus
1263 3487 1365 3544 Elatum

264 3571 400 3652 ferculis,
424 3575 474 3626 aut
492 3567 554 3624 crim
576 3564 821 3638 abundantissimi,
875 3572 936 3646 t=jtn
967 3571 1083 3645 spiritus
1123 3571 1301 3647 deprimebar,
1335 3571 1373 3616 tor

275 3650 503 3727 senispralscbat,
517 3657 611 3705 utnon
623 3650 706 3706 ninia
716 3655 819 3720 sumtu,
878 3651 980 3716 Dione,
1011 3669 1102 3709 axvi.
1131 3669 1160 3727 p.
1180 3657 1247 3720 749.
1286 3639 1344 3701 pp,
1359 3647 1374 3689 e:

273 3728 582 3791 itasummdcomitatc.
877 3733 993 3788 Sueton.
1016 3733 1214 3789 inllomitinn.
1230 3749 1264 3786 11.
1361 3796 1364 3802 1

915 3805 929 3838 ⁶
951 3811 1038 3870 Inter
1047 3813 1249 3889 Apidiasacra.
1288 3807 1372 3874 qull·

314 3892 404 3950 ¹Scu
432 3893 515 3961 domi,
548 3909 595 3948 seu
614 3889 705 3967 foris.
750 3889 818 3961 Diu,
876 3885 1279 3970 busdictiimsupracap.l6.

272 3973 330 4031 loc.
344 3975 396 4029 cit.
914 3966 925 4004 ⁷
948 3972 1040 4048 Regni
1054 3975 1190 4050 cupidum.
1218 3971 1370 4030 llosrunou

313 4051 327 4078 ²
345 4052 459 4110 Jocosa.
503 4051 573 4107 Erat
593 4051 663 4106 enim
683 4049 818 4109 dicacitas·
875 4067 1013 4109 memorat
1026 4055 1179 4110 Suetonius
1189 4056 1217 4111 in
1232 4051 1285 4108 Tit.
1296 4065 1319 4101 r·

272 4135 310 4192 tis
322 4135 458 4212 plurium.
480 4132 598 4188 Sueton.
612 4130 681 4187 ibid.
913 4127 924 4160 ⁸
948 4133 1063 4191 Pariter
1077 4136 1232 4194 abduceret.
1265 4131 1368 4186 Hecu:-

311 4211 324 4245 ³
355 4215 396 4270 Et
430 4213 585 4288 indulgens.
635 4212 752 4268 Sunion.
787 4211 816 4266 iu
874 4213 1091 4276 niaSuetonius‚
1106 4215 1177 4272 ibid.

269 4297 392 4371 Vespas.
414 4311 486 4350 xxi.
527 4298 553 4349 Α
570 4291 670 4348 balneo
684 4293 713 4347 in
727 4288 819 4347 tricli·
912 4293 1085 4352 ”Remis-sn.
1127 4295 1239 4376 Josepb.
1255 4275 1361 4350 Pelllul

161 4400 167 4406 ·
270 4373 508 4432 uiumtransibat.
551 4373 613 4430 Nec
623 4373 681 4428 ullu
695 4381 816 4448 ternpore
874 4381 1075 4434 v11.5.n13.

169 4539 176 4552 .
268 4455 392 4528 sacilim,
406 4461 457 4511 aut
467 4453 658 4529 indulgentior
666 4453 812 4510 traditur:
