2859 4950
226 370 313 435 ooo
653 362 993 427 SUPPLEMENTUM
1187 372 1374 443 sucro.

255 536 284 575 “
307 522 429 601 furiosi
441 516 610 633 Principis
621 522 787 597 stolidum
802 520 957 597 adsumi:
971 520 1012 627 ἐἰ
1028 520 1168 616 vellent,
1181 550 1218 599 se
1233 526 1377 623 praecisan

256 652 283 687 “
308 642 446 719 Claudii
475 640 645 715 cervicem
661 638 709 713 eis
725 638 944 715 allaturum.”
994 644 1021 685 “
1036 640 1138 715 Hanc
1162 666 1299 741 quoque
1317 642 1378 715 ioh

258 766 284 805 “
308 760 414 836 miam
430 775 543 833 morte
559 756 623 833 sui
639 782 676 831 se
692 756 986 833 anteventurutn”
1004 754 1223 835 miritaltatur
1239 760 1377 835 Sabinus.⁸

307 1006 365 1069 14.
391 994 491 1067 HAEc
511 990 851 1091 incassumjactitata.
905 991 992 1089 Qud
1009 992 1176 1065 tardiores
1192 992 1237 1065 ad
1252 992 1377 1089 obseqti·

253 1137 330 1203 um,
355 1110 399 1184 eb
429 1126 543 1209 patres
571 1110 616 1182 ad
641 1108 818 1183 servitium
843 1089 1050 1207 promtiores
1079 1123 1209 1181 ruunt:
1235 1109 1277 1181 ad
1299 1128 1378 1181 casua

251 1244 452 1329 properant,
475 1228 565 1301 duce
580 1225 803 1322 rompono·
852 1226 922 1299 Sed
937 1221 1060 1297 infensi
1078 1224 1203 1299 milites
1219 1225 1377 1313 consulem,

252 1344 353 1443 qudd
377 1340 497 1417 fuisset
522 1328 686 1418 libertatis
705 1344 875 1433 hortator,
900 1341 1022 1418 strictis
1048 1340 1184 1441 gladiis,
1206 1346 1276 1443 jaun
1303 1340 1377 1414 morti

250 1460 478 1548 destinabant,
503 1458 567 1535 nisi
580 1460 755 1539 restitisset
772 1460 954 1551 Claudius,
970 1485 1103 1558 suoque
1116 1458 1215 1532 lateri
1227 1482 1305 1532 eum
1318 1457 1378 1529 adsi·

251 1579 336 1652 dere
349 1578 512 1679 jussisset.
564 1578 671 1651 Haud
686 1577 734 1650 ita
750 1575 893 1651 civiliter
915 1575 1050 1679 excepti
1067 1592 1264 1651 senatores:
1290 1590 1378 1647 contn

249 1694 393 1793 repulsi,
430 1690 546 1782 inlusi,
582 1692 683 1784 caesi3
724 1692 925 1767 vulneratus
957 1716 1099 1790 quoque
1131 1692 1314 1791 Aponius.³
1353 1693 1378 1761 h

248 1812 326 1885 haec
336 1808 584 1906 intempestivae
596 1808 784 1882 severitatis
795 1808 966 1882 dedecora
974 1811 1224 1907 prorumpebat
1233 1807 1378 1903 Princeps,

249 1926 449 2000 dominandi
488 1926 597 2015 rudis,
640 1927 727 1998 edm
760 1926 853 1999 venit
886 1925 1058 2025 Agrippa,
1099 1949 1254 2023 eumque
1291 1922 1379 1999 docuit

251 2048 275 2081 ‘⁶
299 2059 457 2115 senatum
473 2040 510 2115 in
525 2039 708 2141 praesentit
734 2068 807 2117 non
832 2042 976 2145 injuriis,
1001 2042 1063 2117 sed
1089 2042 1282 2117 honoribus
1297 2039 1379 2115 mulo

252 2164 276 2197 (ί
300 2158 501 2233 tandumom
937 2168 941 2187 t

301 2404 358 2465 15.
386 2396 450 2465 An
470 2390 587 2469 omnia
608 2388 730 2483 facilis,
755 2408 868 2492 patres
885 2391 922 2467 in
938 2390 1101 2492 palatium
1126 2408 1307 2483 convocat,
1328 2384 1380 2487 qud

199 2516 202 2531 '
245 2509 319 2608 ipse
345 2508 495 2584 mediam
516 2536 580 2608 per
602 2513 727 2583 urbem
744 2507 864 2585 leutici
882 2507 1064 2599 defertur,⁵
1088 2507 1291 2608 stipantibus
1318 2502 1381 2577 nili

125 2662 127 2671 ·
208 2693 213 2700 ,
245 2627 351 2715 tibus,
376 2625 601 2724 superbisque
618 2644 652 2700 et
669 2627 800 2724 populo
830 2626 1070 2701 insultantibus
1090 2627 1188 2725 qubd
1212 2623 1381 2720 Principem

244 2741 391 2838 imperio
408 2741 590 2815 dedissent.
622 2742 724 2816 Licet
738 2741 865 2833 Polli0,
881 2742 1083 2818 cohortibus
1099 2742 1270 2841 praetoriis
1285 2759 1381 2813 recens

244 2851 460 2956 praefectus,⁶
483 2856 645 2930 edixisset
671 2866 698 2903 “
711 2883 756 2932 ue
774 2860 923 2936 Chaerea
939 2877 974 2933 et
990 2859 1137 2935 Sabinus
1163 2859 1201 2932 in
1226 2856 1380 2958 publicum

246 2979 271 3012 “
295 2972 508 3070 prodirent,”
532 2973 692 3050 adstitere
717 2993 846 3068 tamen,
872 2980 1002 3078 majore
1029 2977 1110 3050 sani
1141 2983 1202 3074 s'pe
1228 2963 1380 3048 dominati·

243 3113 350 3163 onem
372 3106 551 3163 contemtu
568 3088 654 3190 legis
672 3089 857 3182 inridendi,
883 3091 992 3192 quim
1017 3117 1125 3165 novas
1149 3095 1267 3165 turbas
1291 3081 1380 3161 conci·

242 3205 350 3282 tandi.
401 3205 477 3278 Ubi
492 3205 651 3305 primum
667 3223 812 3286 ventum
824 3224 876 3281 est
886 3207 922 3280 in
938 3207 1116 3305 palatium,
1142 3207 1308 3282 Claudius
1319 3221 1379 3274 cunt

140 3403 143 3408 ,
241 3323 360 3396 anricis
376 3323 420 3395 de
434 3321 585 3401 Chaereai
602 3322 819 3398 consultavit.
847 3323 922 3398 Viri
938 3322 1177 3399 fortitudinem
1195 3321 1376 3402 laudaveret

241 3456 276 3512 at
299 3446 324 3482 “
342 3429 455 3513 thorte
473 3438 710 3541 plectendum,
736 3457 776 3520 ut
801 3465 907 3541 poena
923 3440 1047 3515 terrori
1064 3440 1186 3530 esset,''
1211 3454 1375 3516 censuertl

283 3687 293 3715 ¹
317 3688 446 3748 Sabinus.
467 3693 554 3750 Corn.
570 3693 703 3764 Sabinus,
718 3714 793 3753 unus
889 3691 1134 3754 ⁴Mulctandum.
1174 3686 1294 3747 Turbidi
1308 3687 1375 3758 impt-

241 3771 258 3830 ὲ
281 3772 434 3848 praecipuis
456 3772 580 3830 Chaeteae
600 3775 694 3845 sociis,
715 3777 793 3834 Caii·
850 3773 885 3831 rii
900 3771 1187 3850 primordiapraemiis
1201 3763 1374 3849 potiusqu'un

241 3871 299 3928 quc
320 3852 491 3923 interfector,
513 3864 545 3910 ut
565 3855 677 3913 dictum
700 3867 741 3918 est
762 3858 791 3916 in
850 3855 948 3931 poeniS,
969 3855 1100 3914 tutanda.

239 3931 344 4036 Suppl.
360 3935 464 3991 huual.
479 3941 710 4005 v111.74et79.
891 3933 900 3967 ⁵
923 3935 1076 4014 Defertur.
1117 3933 1162 3996 Ert
1185 3931 1282 3992 castris
1298 3931 1374 4009 ptaelf*

314 4013 476 4088 Pomponio.
517 4015 651 4072 Consule.
849 4013 897 4072 riis
924 4019 960 4074 ed
990 4015 1141 4092 palatium,
1175 4014 1252 4092 quod
1284 4015 1337 4064 erat
1354 4017 1373 4054 11

280 4087 293 4131 ³
314 4094 452 4170 Aponius.
493 4097 565 4153 llaec
592 4093 689 4155 omnin
713 4095 792 4153 Jose·
849 4107 945 4154 monte
967 4097 1110 4168 Palatino,
1129 4095 1261 4172 defertur.
1280 4079 1372 4163 Jostpl·

239 4173 528 4254 phus,Antiq.Jud.
554 4193 627 4234 xrx.
654 4183 683 4232 4.
707 4193 736 4234 n.
762 4181 790 4234 5.
849 4175 907 4242 loc.
921 4178 972 4236 cit.
1354 4239 1358 4248 ,

223 4258 286 4330 hl.
317 4256 450 4332 Aponius
484 4257 645 4326 Saturnius,
678 4255 788 4322 hloesiae
887 4252 1028 4316 ‘'Recenr
1040 4255 1202 4334 profectur.
1233 4239 1371 4312 Aclaudu

238 4347 341 4408 rector,
362 4348 537 4395 memoratur
556 4339 575 4393 a
594 4337 697 4395 Tacito
712 4335 789 4394 llist.
846 4337 876 4394 in
891 4337 991 4396 locum
1004 4337 1159 4401 clementis
1173 4337 1312 4404 suffectus.
1337 4323 1371 4387 lt>

237 4433 261 4474 1·.
281 4425 330 4485 79.
345 4427 373 4477 et
387 4435 425 4473 rt.
441 4423 490 4478 85.
531 4419 615 4478 Fortb
637 4417 726 4494 hujus
747 4422 787 4477 A·
845 4417 924 4504 seph.
936 4419 1006 4484 ibid.

236 4497 316 4572 ponii
332 4497 383 4561 luit
398 4497 483 4559 filius.
598 4521 606 4528 ’
