2859 4950
57 248 175 366 iscar.
269 371 271 376 ,
339 295 449 358 cmm
470 288 618 366 ouum
639 290 881 373 isarnum
1121 305 1181 365 241

53 467 72 502 “
91 453 294 550 fidissimum¹
309 453 354 526 ad
392 448 597 540 subsidium,
629 445 838 550 perfugisset
848 449 888 525 :”
928 438 1045 550 neque
1084 451 1180 534 aliud
1241 527 1245 534 .

53 571 289 672 periclitantibus
312 566 443 657 auxilii,
459 563 568 664 quim
584 563 623 637 in
645 561 795 640 fratrum
810 565 1000 649 constantii
1015 566 1096 661 fuit,
1119 572 1182 672 qui
1204 618 1207 622 -

54 691 135 763 vades
148 687 308 762 extitere:
334 709 434 774 mox,
451 680 581 756 crebris
605 681 867 782 proladombm,
879 709 978 782 spem
993 709 1034 758 ac
1046 703 1181 762 metum

52 805 129 906 juxti
166 819 323 905 gravatus
361 797 533 888 Vitellius,
570 797 677 895 petito
709 823 774 897 per
804 798 955 897 speciem
985 801 1192 882 studiorum¹

53 923 174 1018 scalpro,
214 920 326 993 levem
354 915 462 991 ictum
490 912 586 989 venis
617 913 747 1006 intulit,
773 912 949 1013 vitamque
977 917 1183 1016 aegritudine

53 1037 134 1109 animi
149 1035 263 1111 finivit.
315 1038 366 1107 At
391 1030 618 1130 Pomponius,
646 1030 758 1105 multi
780 1057 921 1106 morum
946 1031 1130 1133 elegantii,
1145 1050 1182 1110 et

53 1152 164 1250 ingenio
188 1148 335 1241 inlustri,
363 1150 449 1224 dum
479 1150 659 1231 adversam
688 1147 866 1222 fortunam
893 1174 1017 1247 aequus
1043 1150 1181 1242 tolerat,

44 1269 166 1350 ,libem
181 1283 353 1366 superstes
368 1263 446 1339 fuit.
838 1272 841 1277 ’

88 1508 136 1574 49.
159 1501 374 1577 Pascmuru
398 1499 556 1598 posthic,
587 1508 670 1573 “ut
695 1497 732 1571 in
755 1498 907 1598 reliquos
923 1498 1037 1597 sejani
1053 1498 1196 1604 hberos·

55 1622 71 1660 “
90 1618 311 1692 adverteretur
322 1618 363 1709 ;'’
400 1631 604 1690 vanescente
643 1640 856 1715 quamquam
897 1616 1007 1716 plebis
1038 1616 1104 1708 iri,
1141 1641 1182 1692 ac
1262 1614 1267 1624 ’
1329 1681 1335 1700 ,

53 1732 194 1831 plerisque
218 1757 285 1831 per
310 1732 425 1829 priora
450 1729 618 1830 supplicia
643 1731 765 1805 lenitis.
816 1724 936 1832 Igitur
950 1749 1132 1831 portantur
1146 1734 1184 1807 in

55 1871 209 1940 carcerem,
221 1848 317 1940 lilius
332 1848 586 1936 hunrinentium
602 1848 806 1949 intelligens,
821 1849 939 1948 puella
954 1849 1044 1923 adeo
1057 1849 1184 1940 nescia,

56 1979 82 2034 ut
94 1967 205 2040 crebrb
221 1967 465 2064 interrogaret,
482 1972 509 2009 “
526 1967 622 2064 quod
639 1967 685 2038 ob
698 1965 877 2054 delictum,
890 1983 924 2067 et
940 1966 1015 2064 qub
1031 1967 1184 2040 trahere·

56 2081 159 2156 “turi
194 2105 311 2181 neque
343 2079 513 2154 facturam
550 2082 680 2170 ultra,'’
720 2097 768 2171 et,
796 2089 949 2180 “posse
989 2108 1027 2156 se
1058 2082 1184 2180 puerili

56 2199 74 2234 “
91 2199 219 2273 verbere
236 2289 241 2301 ¹
260 2195 436 2272 moneri.’'
504 2197 664 2270 Tradunt
692 2196 858 2294 temporis
897 2199 972 2296 ejus
1011 2213 1183 2290 auctores,

57 2314 73 2350 “
91 2313 159 2410 quia
170 2313 374 2388 triumvirali
386 2311 554 2411 supplicio
576 2311 664 2387 affici
678 2311 850 2412 ,tirginem
871 2313 1064 2387 inauditum
1078 2313 1184 2391 habe·

56 2432 73 2466 “
90 2428 229 2521 baruae
257 2429 435 2520 carnifice,
459 2429 624 2527 laqueum
652 2431 766 2529 juxta,
792 2453 1025 2529 compressam
1036 2427 1075 2502 :”
1099 2427 1183 2503 exin

55 2542 144 2621 oblisis
158 2546 329 2637 faucibus,
345 2544 381 2619 id
397 2544 505 2621 atatis
517 2568 665 2643 corpora
678 2542 716 2617 in
733 2544 926 2619 Gemonias
939 2546 1081 2645 abjecta.
1157 2565 1161 2572 ’

90 2786 139 2851 50.
161 2779 241 2855 Psa
257 2779 353 2855 idem
369 2795 506 2877 tempus
518 2774 603 2852 Asia
617 2792 722 2877 atque
743 2776 878 2854 Achaia
900 2776 1073 2853 extenitae
1087 2795 1181 2867 sunt,
1296 2821 1299 2824 -

56 2888 233 2995 acdmagis,
246 2892 357 2997 quim
379 2894 544 2969 diuturno
570 2916 726 2983 rumore,
743 2898 770 2937 ‘⁶
785 2892 955 2983 Dmsum,
982 2893 1182 2987 Germanici

57 3006 72 3042 ‘⁸
85 3006 193 3101 filium,
218 3013 312 3111 apud
331 3009 501 3109 Cycladas
517 3006 657 3099 insulas,
669 3032 760 3104 mox,
770 3006 808 3081 in
820 3008 1007 3083 continenti
1023 3009 1181 3085 visum:”

56 3134 151 3197 eierat
164 3126 298 3225 juvenis
320 3126 414 3199 haud
426 3122 553 3223 dispari
564 3123 897 3221 aetate,qu1busdam
915 3125 1062 3199 Caesaris
1080 3126 1183 3199 liber·

56 3229 189 3323 hvelut,
197 3243 346 3343 agnitus,
357 3265 421 3341 per
432 3239 625 3339 dolumque
634 3236 886 3314 comitantibus.
929 3240 1183 3334 Alliciebantur

56 3341 139 3443 ignari
154 3354 246 3431 fami
268 3356 430 3447 nominis,
447 3372 481 3429 et
496 3354 642 3453 promtis
663 3356 875 3430 Graecorum
889 3354 1011 3429 animis
1027 3357 1072 3432 ad
1080 3380 1184 3465 ‘nova
1245 3447 1248 3457 ¹
1319 3352 1324 3359 ’

56 3468 185 3546 etmira:
211 3472 341 3574 quippe
357 3458 383 3517 ‘¹‘
396 3473 552 3571 elapsum
565 3470 770 3561 custodiam,
793 3495 941 3571 pergere
962 3474 1007 3546 ad
1021 3490 1183 3572 paternos

57 3578 75 3615 “
92 3585 262 3680 exercitus,
278 3590 475 3689 AEgyptum
500 3602 560 3661 aut
592 3586 729 3686 Syriam
753 3586 979 3661 invasurum”
1005 3590 1183 3689 lingebant

56 3688 146 3789 mul,
155 3704 418 3802 credebantque.
468 3706 545 3780 Iam
554 3701 744 3804 juventutis
756 3682 1022 3807 conchrsu‚jam
1036 3701 1184 3803 publicis

57 3811 150 3888 studi'a
174 3812 469 3919 frequentabatur,
497 3820 598 3894 laetus
621 3820 847 3918 praesenubus
864 3838 899 3893 et
926 3820 1080 3893 inanium
1095 3844 1182 3918 spe3

58 3922 122 4001 cim
142 3934 293 4010 auditum
321 3936 358 4011 id
386 3936 539 4035 Poppaeo
572 3932 712 4011 Sabino.
780 3937 814 4012 Is
851 3936 1069 4013 Macedoniae
1105 3954 1183 4011 tum

58 4029 192 4139 intentus,
207 4049 375 4125 Achaiam
402 4076 543 4150 quoque
569 4052 722 4125 curabat.
773 4052 895 4153 Igitur,
924 4054 997 4153 qub
1023 4076 1106 4127 vera
1120 4077 1183 4127 seu

59 4145 122 4229 Μελ
144 4165 293 4258 anteiret,
309 4170 527 4241 Toronaeum
552 4167 850 4264 Thermaeumque
878 4168 993 4242 sinum
1018 4163 1184 4267 praefesti-

59 4284 135 4364 fflns,
168 4302 250 4355 mox
277 4284 463 4374 Euboeam,
496 4283 611 4383 AEgaei
643 4286 749 4359 maris
779 4283 940 4375 ursulam,
969 4301 1004 4359 et
1031 4284 1185 4360 Piraeum

61 4380 161 4468 Attica
185 4420 272 4490 orae,
295 4398 375 4473 dein
393 4400 635 4479 Corinthiense
659 4400 767 4495 littus,
794 4402 1036 4503 angustiasque
1063 4396 1184 4476 isthmi

280 4538 369 4593 ron.
388 4540 441 4593 tv.
913 4540 938 4604 Q
1095 4553 1100 4578 ¹
