2859 4950
74 269 98 329 c.
117 267 149 329 c.
170 271 221 336 er.
285 274 290 294 ·
368 265 478 328 nrum
500 265 666 330 sarum
685 267 924 366 annuarum.
1151 263 1212 340 cte

107 431 164 496 ao.
193 420 424 496 Raennnra
452 419 526 497 Caii
541 423 749 515 valuudine,
777 425 946 523 utpium
970 441 1053 498 sunt
1078 425 1208 524 gaudii,

66 536 161 636 quim
187 536 376 627 moestitiae,
409 537 518 637 signa,
540 561 604 614 nee
632 543 705 639 jam
733 540 862 615 ineerta
889 540 1051 631 adulatio,
1066 541 1208 621 effusior

65 677 192 750 quoque
209 645 326 725 extitit
342 653 480 726 laetitia¹
529 658 580 727 At
601 671 734 747 mentes
749 654 903 756 gravius,
926 655 1033 752 quim
1048 682 1207 754 corpora,

64 792 143 864 sepe
167 767 303 866 adfligit
330 768 445 843 libido.
498 772 590 844 Sane
620 773 768 848 Cosanis
791 797 951 871 corpore,
977 797 1076 846 mens
1098 799 1206 873 aegra,

64 905 117 956 nec
133 885 278 958 remedii
296 884 438 980 patiens,
463 887 507 960 ad
523 885 602 960 vitia
618 887 729 961 delabi
741 893 772 961 :¹
797 887 956 988 gloriam,
972 887 1206 980 ambitionem,

64 995 176 1095 quibus
191 1000 237 1072 ad
268 998 457 1092 basanim,
474 1003 502 1076 si
529 1003 550 1076 ic
575 1001 700 1076 virtute
726 1003 920 1092 deflexeris,
947 1002 1205 1094 nihitvalidius,

62 1115 190 1188 uetari:
218 1117 342 1190 nullus
353 1141 456 1214 supra
468 1134 600 1192 ceteros
612 1119 785 1194 eminendi
794 1120 930 1192 modus.
979 1117 1206 1218 Priamumque

62 1230 160 1304 scelus
175 1233 297 1308 omnia
312 1233 392 1310 vicit
406 1235 590 1334 superioris
604 1233 818 1335 principatus
833 1234 996 1310 facinora.

103 1472 158 1534 al.
186 1465 318 1538 emus
348 1465 440 1540 enim
467 1463 661 1558 Tiberium,
689 1463 837 1540 flumem
862 1464 966 1540 simul
1002 1484 1038 1539 et
1068 1465 1206 1555 filium,⁸

64 1575 181 1674 inperii
211 1582 384 1655 aemulum
413 1581 554 1674 veritus,
581 1606 627 1658 ne
652 1582 787 1682 scriptis
811 1582 953 1681 quidem
978 1581 1023 1654 ad
1047 1597 1206 1656 senatum

64 1689 164 1785 literis,
198 1699 310 1772 veluti
343 1695 428 1787 sibi,
453 1699 541 1781 crim
577 1699 700 1772 morbo
738 1698 966 1788 detinebatur,
996 1696 1206 1788 insidiatum,

64 1811 189 1904 repente
219 1813 377 1888 immisso
402 1813 541 1890 tribuno
569 1815 731 1905 militum,
755 1815 988 1914 inopinantem
1010 1811 1205 1893 interemit:

63 1919 294 2002 conscientiam
324 1929 475 2006 crinitis
500 1931 672 2029 appellare
700 1955 818 2022 ausus,
843 1933 942 2030 qubd
963 1929 1136 2026 Tiberius,
1156 1927 1205 2020 ob

64 2040 216 2117 assiduam
252 2063 289 2119 et
322 2047 615 2145 ingravescentem
653 2046 775 2122 tussim
817 2046 1069 2120 medicamento
1109 2069 1206 2136 “ms
1297 2053 1304 2068 x

63 2157 255 2252 antidotum,
295 2163 392 2260 quasi
436 2164 481 2235 ad
513 2163 741 2260 praecarenda
769 2185 905 2259 nenena
933 2185 997 2236 sua
1034 2178 1204 2250 sumtum,

63 2271 245 2351 oboluisset.
302 2279 455 2374 Quidam
493 2279 677 2377 prodidere
709 2282 845 2378 jussum
881 2291 1040 2351 cruentas
1080 2298 1205 2351 manus

64 2383 113 2458 cibi
128 2390 278 2484 adferre,
296 2417 340 2468 ne
367 2396 410 2467 ab
437 2393 653 2470 exactoribus
669 2394 855 2468 violaretur
881 2393 1061 2468 Caesarum
1085 2392 1205 2490 majes·
1299 2414 1307 2422 ·

63 2514 124 2576 tas:
146 2510 395 2608 juvenemque,
412 2536 484 2585 non
500 2511 607 2585 modb
621 2512 772 2601 sceleris,
788 2512 849 2583 sed
861 2509 1087 2611 properandae
1100 2506 1203 2581 etiam

65 2622 167 2695 nortis
193 2628 335 2714 rudem,
359 2644 461 2724 caput
485 2627 745 2725 percussoribus
769 2626 861 2699 ultro
883 2623 1045 2699 obtulisse
1057 2652 1068 2714 3
1095 2620 1205 2721 iisque

64 2741 285 2833 renuentibus,
295 2744 442 2839 petiisse,
459 2750 485 2787 “
495 2766 600 2841 quam
609 2742 727 2817 feriret
736 2742 889 2841 corporis
898 2756 1089 2838 partem,ut
1097 2736 1204 2814 vitam

63 2848 83 2889 “
97 2851 188 2929 finire
204 2877 321 2957 posset
332 2861 371 2933 :'’
396 2860 658 2958 edoctumque,⁴
681 2861 802 2935 adacto
818 2858 947 2960 gladio,
971 2856 1186 2967 occubuisse.

103 3091 158 3157 22
183 3074 398 3181 anoars,
439 3089 631 3165 umbratico
680 3089 823 3167 crimine
872 3089 1000 3179 audax,
1051 3084 1208 3202 nefandax

67 3196 187 3285 publica
214 3205 426 3306 adgreditur.
486 3210 547 3281 Ab
579 3206 708 3281 Atanio
749 3205 924 3293 Secundo,
963 3225 1069 3301 quem
1096 3225 1202 3300 supra

68 3321 266 3413 memorans
283 3339 404 3399 votum
421 3320 541 3423 exigit,
557 3339 757 3425 spectatque
777 3320 871 3395 ferro
889 3318 1119 3406 dimicantem,
1135 3340 1201 3391 nec

100 3574 108 3601 ¹
128 3578 251 3647 Luticia.
291 3586 336 3645 De
349 3584 408 3664 qui
427 3589 492 3648 vide
504 3588 598 3648 Phiio-
648 3590 786 3667 patruelis
798 3594 861 3645 erat
872 3586 936 3644 Caii
947 3587 984 3643 ob
993 3584 1198 3644 Germanicum

69 3668 129 3746 iffi),
140 3660 194 3723 loc.
206 3668 257 3725 cit.
275 3670 349 3726 utin
363 3668 554 3743 tristiumue
569 3673 599 3729 in
648 3671 666 3727 ὲ
680 3669 796 3727 'liberio
816 3668 989 3744 Imperatore
1008 3665 1198 3741 adoptarum

70 3728 305 3817 ¹²¹¹ajuvcni1icer
316 3749 520 3809 luxuriantem.
648 3750 725 3808 filius
754 3748 819 3807 vead
846 3747 921 3819 Caii,
940 3746 1009 3821 quin
1032 3754 1060 3803 et
1091 3744 1150 3820 ipse
1179 3744 1199 3803 ὶ

86 3810 111 3902 ,’
129 3824 174 3881 Ad
192 3828 264 3889 oen
285 3828 385 3888 aenae.
426 3829 520 3898 Patro,
540 3829 597 3889 100.
649 3829 721 3889 earo
733 3830 895 3907 adoptatus.
936 3826 1012 3882 vin
1025 3824 1112 3883 stem.
1125 3825 1198 3884 em.

72 3903 196 3963 ccccccic
219 3908 247 3967 in
271 3909 342 3969 rotis
362 3928 436 3986 aaepe
459 3910 598 3969 humanus
648 3930 678 3968 n.
702 3915 753 3977 72.
793 3920 823 3967 et
848 3906 1014 3967 Suetonium
1049 3906 1079 3962 in
1115 3906 1198 3978 Caio,

70 3986 158 4064 menes
170 3988 311 4061 caecutire,
323 4006 351 4047 cc
365 3990 436 4065 quid
450 3990 486 4047 sit
502 3990 596 4049 reveri
650 4009 694 4049 xv
722 4004 751 4051 ec
771 4005 865 4048 xxru.
915 3986 1046 4055 Diouem,
1074 4002 1144 4045 arx.
1167 4006 1198 4065 p.

73 4056 128 4147 {¹¹¹¹ss
149 4062 287 4141 ignorare:
320 4066 472 4141 Τυφλέπυ
499 4070 552 4151 νὸς
583 4070 596 4129 c‘
650 4068 722 4131 645.

72 4132 192 4227 ξ”ίῖῆϋς
205 4148 242 4215 nie
258 4150 369 4233 egistio
385 4148 419 4209 rii
434 4144 598 4233 σνμφίςοηος
688 4148 923 4225 ⁴Edoetumque.
965 4145 1037 4205 Haec
1057 4158 1086 4206 et
1103 4148 1198 4223 prium

73 4230 129 4281 Μ*
140 4218 254 4293 vicicco.
650 4232 747 4300 Pinio,
761 4230 908 4305 iegatnd
921 4226 1036 4299 Caium,
1048 4247 1078 4303 p.
1093 4222 1162 4296 996.

104 4288 254 4369 'Fratrem
266 4310 387 4370 mutet
397 4310 505 4389 filium.
544 4308 594 4367 ‘rt-
689 4308 818 4391 'Supra
828 4309 986 4367 memoravi.
1026 4308 1099 4387 cap.
1116 4306 1163 4379 19¹.

77 4368 160 4455 unu,
174 4387 256 4457 Drusi
270 4392 388 4453 Cereus
408 4390 493 4463 filius,
513 4390 599 4457 tuter
