2859 4950
158 375 162 384 Ι
225 299 284 355 202
571 285 606 346 c.
628 283 831 344 conuann
852 283 994 346 nncm

223 463 315 522 sunt.
367 421 426 519 ai
450 440 503 518 ns
525 441 669 540 intelligi
695 457 809 538 potest
831 441 899 516 cn.
925 439 1132 540 Pompeium
1160 441 1367 519 aetrnum

222 564 414 641 Crassum'
437 585 509 634 non
525 559 654 632 viribus
670 545 786 630 modb'
798 575 833 630 et
848 558 968 647 arnus,
992 560 1054 632 sed
1077 557 1218 658 ingenio
1242 587 1368 658 quoque

222 695 257 754 et
273 678 428 752 oratione
443 675 610 749 valuisse:
639 673 820 762 Lentulos,
845 689 880 746 et
896 673 1073 764 Metellos,
1093 693 1128 750 et
1143 677 1320 766 Lucullos,
1340 693 1368 750 et

225 796 411 885 Curiones,
448 809 482 866 et
512 808 662 864 ceteram
691 813 879 887 procerum
903 813 1059 882 manum,
1094 792 1247 866 multum
1269 793 1305 864 in
1325 791 1370 864 his

223 911 344 984 studiis
359 933 476 1007 operae
493 931 658 1003 curaeque
669 903 845 1002 posuisse:
863 929 928 980 nec
945 895 1157 1007 quemquam
1172 908 1241 982 illis
1255 926 1372 1004 tempo

224 1029 321 1100 ribus
337 1049 499 1124 magnam
516 1022 718 1121 potentiam,
734 1021 808 1095 sine
824 1023 1037 1120 eloquentifi,
1054 1037 1290 1098 consecutum.
1316 1023 1373 1095 His

225 1143 409 1218 accedebat
425 1142 590 1239 splendor
606 1165 739 1228 rerum,
764 1156 799 1211 et
817 1141 1021 1239 magnitudo
1036 1165 1233 1230 causamm,
1257 1165 1331 1239 quae
1344 1155 1373 1210 et

225 1259 298 1356 ipsa
310 1257 501 1355 plurimum
517 1256 723 1354 eloquentiae
736 1263 911 1353 praestaut.
960 1259 1054 1330 Nam
1067 1257 1224 1332 multum
1235 1256 1373 1343 interest,

146 1361 158 1377 ⁶
227 1377 395 1451 utrumne
422 1375 468 1446 de
496 1371 604 1462 furto,
628 1388 688 1444 aut
710 1370 893 1462 tonnus:
926 1389 962 1446 et
985 1373 1169 1448 interdicto
1198 1373 1373 1446 dicendum

227 1489 367 1580 habeas,
383 1515 428 1564 an
445 1491 489 1563 de
504 1489 634 1562 ambitu
649 1487 885 1596 comitiorum,
901 1490 1058 1588 expilatis
1073 1491 1188 1579 sociis,
1203 1506 1239 1563 et
1255 1488 1372 1562 civibus

228 1606 425 1680 trucidatis:
454 1633 533 1704 quae
560 1605 649 1677 mala
675 1605 763 1680 sicut
779 1631 852 1679 non
873 1607 1030 1681 accidere
1055 1607 1178 1679 melius
1200 1622 1266 1695 est,
1289 1605 1375 1701 isque

228 1723 380 1820 optimus
396 1721 659 1795 civitatis‘status
669 1721 848 1800 habendus
860 1740 928 1814 est,
940 1749 1013 1822 quo
1023 1722 1107 1797 nihil
1120 1721 1188 1795 tale
1200 1721 1374 1819 patimur

229 1839 277 1911 ita
293 1839 378 1910 culm
395 1837 601 1928 acciderent,
627 1838 804 1937 ingentem
831 1838 1036 1937 eloquentiae
1061 1837 1239 1916 materiam
1261 1834 1375 1910 subrui·

229 1953 429 2026 nisti-abant.
482 1955 616 2028 Crescit
643 1955 735 2027 enim
752 1981 834 2029 cum
850 1954 1075 2053 amplitudine
1091 1979 1211 2028 rerum
1227 1953 1279 2028 vis
1292 1954 1376 2051 inge·

229 2069 293 2157 nii,
314 2093 382 2142 nec
412 2067 594 2168 quisquam
619 2071 748 2142 claram
777 2088 812 2143 et
838 2071 1007 2144 illustrem
1034 2071 1228 2147 orationem
1256 2068 1377 2143 efficere

230 2199 357 2282 potest,
396 2183 461 2259 nisi
499 2185 558 2283 qui
596 2211 735 2260 causam
772 2213 892 2284 parem
925 2188 1066 2260 invenis
1115 2189 1217 2277 Non,
1254 2185 1377 2284 opinor,

231 2301 507 2376 Demosthenem
535 2303 706 2376 orationes
732 2304 915 2395 illustrant,
951 2331 1037 2404 quas
1062 2305 1233 2378 adversius
1260 2319 1378 2375 tutores

231 2421 336 2491 suos4
362 2418 577 2515 composuit:
609 2445 674 2494 nec
706 2421 927 2511 Ciceronem,
952 2445 1120 2521 magnum
1146 2437 1320 2493 oratorem
1342 2417 1376 2489 P.

233 2534 397 2629 Quintius
414 2533 575 2609 defensus
592 2554 651 2608 aut
663 2536 815 2610 Licinius
832 2536 980 2610 Archias
992 2537 1143 2610 faciunt:
1172 2536 1329 2623 Catilina,
1351 2547 1378 2603 et

232 2649 335 2739 Milo,
360 2668 394 2722 et
412 2653 551 2741 Verres,
577 2668 611 2724 et
628 2654 816 2742 Antonius,
839 2655 927 2727 hanc
942 2653 993 2725 illi
1010 2652 1137 2725 sarnam
1154 2650 1377 2727 circumdede-

230 2756 314 2839 runt
327 2770 361 2837 :⁵
386 2790 472 2855 non,
497 2766 577 2864 quia
593 2768 676 2838 tanti
692 2758 758 2839 fuit
774 2768 972 2865 reipublicae
988 2770 1099 2841 malos
1114 2766 1207 2841 ferre
1223 2768 1325 2855 cives,
1346 2778 1378 2835 ut

232 2884 376 2954 uberem
393 2883 436 2953 ad
462 2884 648 2955 dicendum
673 2883 851 2957 materiam
868 2902 1022 2957 oratores
1038 2884 1226 2957 haberent:
1253 2884 1324 2971 sed,
1346 2894 1378 2951 ut

232 2998 377 3069 subinde
390 2998 574 3089 admoneo,
591 2999 789 3097 quaestionis
805 3002 1076 3089 meminerimus,
1096 2999 1312 3098 sciamusque
1325 3019 1379 3068 nos

233 3114 277 3189 de
290 3113 331 3187 eei
343 3139 382 3188 re
399 3113 508 3215 loqui,
534 3142 613 3215 quae
635 3113 773 3193 facilius
793 3118 939 3193 turbidis
954 3133 989 3191 et
1000 3116 1159 3218 inquietis
1175 3114 1378 3215 temporibus

274 3381 352 3441 ’Μ
375 3383 515 3444 Crassum.
558 3388 601 3445 Μ.
626 3390 719 3449 Crassi
743 3392 786 3447 in·
875 3386 892 3421 ⁴
916 3384 1061 3447 Adversis
1087 3394 1196 3443 tutores
1219 3404 1292 3443 tuoe.
1329 3380 1378 3437 De·

230 3464 345 3535 ,senium
375 3466 624 3543 eloquentiamque
648 3472 785 3547 exprimit
838 3471 1004 3538 mosthenes,
1036 3486 1124 3524 annos
1156 3478 1264 3542 septem
1296 3477 1377 3527 nutus,

231 3546 344 3613 Cicero,
365 3546 502 3604 decimis
523 3550 698 3621 Oratoribus,
719 3571 783 3628 cup.
838 3562 946 3630 patrem
967 3549 1078 3607 amisit:
1101 3556 1209 3605 tutores
1231 3544 1329 3603 habuit
1344 3544 1377 3597 Α·

231 3622 281 3679 tili.
306 3626 412 3683 lbidem
428 3628 497 3683 etin
514 3628 592 3686 libris
606 3632 638 3688 de
652 3631 785 3701 Oratore,
837 3634 977 3709 phobum,
996 3628 1212 3705 Therippidem,
1231 3637 1261 3684 et
1285 3626 1375 3681 nemo

232 3706 327 3762 ridere
341 3718 381 3762 est
397 3706 495 3763 laudes
508 3710 704 3780 lentulorum,
723 3714 786 3768 Me·
839 3712 991 3788 phontem;
1013 3728 1093 3787 quos,
1111 3708 1179 3766 edm
1193 3727 1252 3765 nem
1266 3701 1376 3783 pupilla·

232 3786 785 3852 tellorum,LucullorumetCurionurn.
838 3812 896 3850 rem
916 3810 983 3849 suos
1002 3790 1031 3847 iu
1053 3808 1123 3847 usus
1140 3788 1292 3855 vertissent,
1312 3780 1374 3840 mall

272 3862 367 3923 ²Aut
390 3868 530 3945 jornrulu'.
581 3872 626 3928 De
661 3872 784 3930 formula
838 3873 1042 3929 administrata
1059 3870 1157 3929 tutelae
1170 3867 1323 3933 accusavit,
1341 3882 1374 3917 11*

231 3948 519 4025 dictumsuprucap.
540 3956 562 4007 1.
606 3952 785 4019 Quaestiones
838 3952 1374 4030 osqucperegitannoaetstissuaesep·

231 4038 327 4083 nutem
346 4028 381 4085 de.
398 4030 553 4087 interdictis
573 4046 600 4089 et
618 4033 701 4091 furtis
722 4036 786 4089 nido
839 4034 1032 4091 tintudecimo.
1078 4032 1188 4089 Extant
1214 4029 1306 4088 adhuc
1330 4036 1375 4081 tres

106 4122 111 4135 ¹
232 4110 260 4163 in
285 4108 786 4180 Digre.1.'u>r.m111.'l'it.1.ct
839 4114 900 4187 ejus
914 4116 1055 4171 orationes
1074 4112 1209 4169 adversus
1224 4109 1374 4187 Aphobunt·

89 4264 92 4273 Ι
130 4202 131 4205 ’
232 4190 310 4245 libr.
325 4204 430 4246 xm'rt.
442 4192 499 4247 Tit.
516 4199 543 4249 2.
841 4194 1027 4251 Demus-then.
1040 4214 1069 4269 p.
1084 4198 1142 4261 895
1155 4203 1253 4268 etseq.

272 4264 283 4299 ³
306 4269 392 4327 Nihil
413 4272 469 4327 tale
486 4272 621 4347 patimur.
663 4275 734 4331 llaec
748 4275 784 4331 ad
880 4272 891 4307 ⁵
908 4273 1167 4332 Circumdederunt.
1200 4276 1246 4333 Sic
1259 4263 1373 4343 supraiss

230 4349 399 4425 Vespasiani
408 4350 521 4409 landem
531 4353 786 4429 adhucpertinettt.
840 4354 1008 4430 Vibilgric.
1023 4370 1083 4413 xx.
1125 4355 1275 4435 Egregium
1278 4347 1375 4429 jhm

231 4430 306 4487 l'ide
316 4432 378 4506 jum
392 4432 480 4505 dictu,
502 4453 565 4513 cup.
580 4454 645 4513 sup.
835 4435 902 4512 paci
914 4434 1107 4499 circumdedit.
1286 4439 1289 4443 ⁴
