2859 4950
242 263 302 321 sm
708 251 922 323 serenum
1182 265 1364 330 munus

240 432 373 491 terrore
389 410 597 506 flecteretur,
621 437 686 513 per
700 432 852 514 quatuor
868 415 941 493 dies
956 422 1144 493 ostentata¹
1161 418 1247 496 acies
1262 422 1368 498 Roma·

239 555 308 605 na:
334 530 473 629 publice
501 532 581 605 data
606 554 764 606 amona:
791 531 968 631 ingentem
984 535 1058 610 aurl
1083 537 1281 635 argentique
1300 540 1369 629 uim,

240 648 421 745 minasque
436 648 598 739 militum,
613 647 718 722 armis
734 664 768 727 et
784 650 974 749 insigrubus
985 650 1208 752 fulgentium,
1221 654 1241 731 ὲ
1253 655 1370 730 summis

240 764 415 839 moenibus
455 782 620 873 parteque
662 766 939 863 Septemtrionali
978 770 1098 867 templi
1135 772 1370 867 prospectabant

239 882 380 957 obsessi.
430 879 603 955 Praetereb
643 881 767 955 missus
807 883 1005 980 losephus,²
1044 884 1144 959 nobis
1181 888 1253 985 jam
1288 907 1371 982 supra

239 1014 463 1094 memoratus,
488 997 548 1095 qui
576 1022 636 1071 eos
663 996 787 1087 vettiae,
813 997 988 1091 libertatis,
1012 998 1234 1093 fortunarum
1260 1026 1314 1099 spe
1336 1002 1370 1073 ad

241 1114 450 1189 deditionem
466 1113 641 1187 excitaret.
692 1115 770 1189 Nec
800 1116 976 1207 hostilium
992 1116 1118 1191 virium
1134 1136 1300 1216 aspectus,
1321 1142 1369 1191 nee

237 1230 420 1330 promissa,
444 1254 489 1303 ne
513 1231 689 1303 horrenda
714 1230 855 1328 quidem
881 1232 1015 1323 sames,3
1040 1261 1120 1331 quae
1133 1236 1207 1333 jam
1223 1233 1370 1322 saeriebat,

239 1344 374 1421 feroces
415 1346 547 1419 animos
587 1346 754 1419 molliere.
823 1350 935 1421 Immo
976 1348 1038 1446 ipsi
1080 1348 1281 1449 numfugae,
1318 1349 1370 1421 Tit

238 1461 422 1539 clementii
437 1462 474 1534 in
490 1478 599 1536 castra
622 1464 783 1537 Romana
811 1466 953 1562 recepti,
977 1466 1114 1553 occulta
1141 1466 1370 1545 meditabmtu

239 1580 429 1669 crimina34
452 1596 487 1651 et
503 1578 531 1651 si
548 1603 654 1675 quem
670 1576 763 1651 forti
783 1581 1025 1661 Romanorum
1046 1581 1161 1655 solum
1183 1598 1370 1678 repererant,

235 1698 452 1800 jugulabant,
476 1712 535 1770 aut
551 1693 641 1767 clam
657 1696 824 1769 obntratis
840 1698 1054 1796 corruptisve
1070 1695 1238 1786 fontibus,
1261 1696 1370 1769 insam-

238 1812 320 1888 bile‘
337 1812 468 1883 malum
500 1807 711 1883 adferebant.
764 1811 870 1885 Multi
897 1810 934 1885 in
962 1813 1038 1887 talis
1070 1814 1227 1911 perfidie
1258 1834 1369 1911 poems,

238 1925 487 2031 gentiliumque
503 1924 718 2020 terriculum,
740 1944 818 2003 ante
835 1927 930 2002 urbis
945 1928 1065 2003 bculos
1082 1929 1244 2005 crucibus
1259 1928 1368 2015 adliui,5

239 2300 357 2372 ioniam,
378 2309 478 2361 contra
495 2302 618 2362 medium
635 2302 786 2381 piscinam,
839 2302 916 2362 luere
934 2300 979 2361 16.
996 2308 1104 2369 17.18.
1123 2308 1170 2371 19.
1185 2300 1270 2360 blsii.

240 2400 305 2459 quae
320 2382 451 2443 Strutbin
463 2386 631 2455 vocabatur,
643 2398 786 2443 struxerat
878 2382 892 2410 ²
926 2385 1032 2443 Missum
1064 2383 1214 2461 Joeeplus.
1268 2375 1364 2453 Just‘ph·

239 2462 345 2539 quinta
364 2463 455 2542 legio;
476 2462 565 2522 elium
587 2465 660 2542 legio
681 2466 787 2524 duode-
840 2464 914 2522 Bell.
929 2466 998 2524 lud.
1014 2485 1043 2524 v.
1056 2473 1085 2535 9.
1100 2485 1128 2523 n.
1142 2470 1172 2524 3.
1194 2464 1260 2524 Jam
1281 2478 1366 2518 metuu-

240 2545 327 2616 cima,
347 2546 412 2603 inde
424 2547 540 2604 circiter
555 2547 652 2622 viginti
672 2547 785 2604 cubitos
840 2559 917 2605 ratus
939 2557 980 2604 est
998 2567 1085 2626 supra
1104 2549 1134 2605 in
1161 2545 1267 2623 Suppl.
1279 2537 1365 2601 dunel.

238 2625 409 2684 distantem:
431 2626 547 2684 tertium
568 2627 642 2704 legio
665 2627 786 2697 decima,
841 2646 911 2686 xvi.
928 2633 978 2684 58.

240 2707 277 2763 sd
302 2699 477 2764 orientalem
506 2720 614 2783 purtem
640 2707 729 2776 urbis,
758 2721 785 2765 et
879 2703 890 2736 ³
915 2707 1033 2776 llum-s.¹
1061 2705 1107 2762 De
1128 2702 1365 2783 quimultalose·

239 2786 390 2862 piscinam,
410 2807 476 2863 quae
492 2788 787 2866 Amygdslonappel·
840 2787 923 2863 plius,
938 2787 1009 2844 Bell.
1021 2784 1091 2844 Jud.
1110 2805 1140 2844 v.
1159 2796 1206 2845 111.
1248 2786 1363 2859 blegnuu

238 2865 373 2935 labatur;
393 2880 528 2942 quartum
549 2869 622 2944 lrgio
636 2868 787 2943 quintade—
840 2878 935 2926 nutem
952 2866 1084 2924 frumenti
1098 2869 1225 2944 copiam,
1244 2883 1304 2943 quur
1323 2878 1364 2918 nun
1386 2901 1387 2906 1

241 2945 326 3017 eima,
339 2948 376 3003 ad
390 2947 510 3005 loannis
526 2948 670 3006 Pontificis
683 2969 784 3007 monu-
838 2948 938 3024 paucis
952 2946 1034 3005 annis
1044 2947 1210 3020 suffecisset,
1230 2947 1308 3006 iuitio
1320 2941 1363 3000 bel-

174 3051 178 3058 ·
240 3040 380 3098 mentum,
395 3027 509 3104 triginta
523 3028 587 3085 inde
602 3029 716 3087 cubitos
730 3030 785 3086 dis-
838 3027 858 3086 li
880 3029 1093 3087 combusserunt
1115 3029 1259 3088 discordes
1277 3022 1363 3086 ludaei.

239 3119 312 3166 tans.
340 3109 459 3186 loseph.
478 3109 551 3168 Brll.
565 3109 635 3168 Jud.
659 3128 689 3168 u.
707 3116 737 3178 9.
755 3129 784 3168 u.
838 3109 986 3187 losephus,
1013 3108 1084 3166 llell.
1107 3109 1179 3168 Jud.
1201 3129 1231 3167 v.
1256 3119 1281 3166 1.
1299 3125 1323 3164 n.
1341 3111 1362 3161 1.

237 3193 267 3247 2.
279 3198 309 3247 et
321 3207 352 3247 v.
368 3197 414 3248 11.
428 3209 457 3247 n.
472 3196 501 3247 4.
542 3191 594 3248 Ait
613 3191 719 3247 ibidem
733 3189 784 3249 Jo-
839 3189 979 3248 Praeterea
992 3207 1027 3246 nc
1041 3190 1112 3266 quid
1125 3193 1185 3266 spei
1199 3191 1303 3249 Judaeis
1315 3205 1362 3244 mu·

234 3269 785 3347 sepbusilloscoeptosluisseduodeci-
836 3285 924 3340 neret,
957 3270 1042 3327 Titus
1074 3270 1270 3347 puloberrime
1298 3266 1361 3324 urbis

236 3369 286 3409 mo
307 3350 354 3408 die
373 3352 476 3409 mensis
490 3351 646 3422 Artemisii,
666 3351 714 3408 vix
731 3371 783 3410 uu·
836 3353 1001 3409 suburbsns
1032 3351 1237 3423 excidentes
1269 3365 1359 3407 omnen

236 3441 294 3488 tem
318 3432 458 3508 perlectos
478 3431 565 3490 fuisse
585 3432 631 3489 die
647 3431 782 3509 vigesimo
836 3431 894 3490 lutb
915 3430 1054 3507 regionem
1069 3431 1107 3488 sd
1120 3435 1271 3512 nonaginta
1286 3428 1359 3488 studit

234 3528 322 3582 nono,
354 3513 453 3569 diebus
468 3513 682 3590 ‘septemdecim
701 3515 779 3589 operi
835 3513 1064 3589 circumquaque
1087 3523 1253 3586 vastaverat,
1279 3513 1314 3570 itu
1334 3519 1359 3567 ut

234 3591 296 3650 sine
309 3593 513 3650 intermissione
527 3595 670 3669 impensis.
703 3594 780 3670 Ergd
836 3592 949 3652 nibilin
962 3593 1081 3668 campis,
1102 3611 1137 3651 ne
1150 3599 1235 3654 arbor
1252 3593 1356 3672 quiden,

179 3681 205 3693 ’“
234 3691 346 3749 aggeres
369 3675 456 3749 cepti
477 3688 545 3731 sunt
564 3677 611 3732 die
631 3675 702 3750 ipso,
716 3669 781 3751 'quo
834 3672 1162 3752 superessetlosephus,
1177 3674 1357 3735 bellinum.

229 3755 376 3811 secundus
391 3755 581 3813 urbismuros
596 3758 710 3813 dirutus
728 3768 783 3812 est.
837 3766 862 3814 1.
877 3773 906 3812 n.
925 3766 949 3812 1.

234 3835 307 3892 Dies
326 3851 422 3892 autem
442 3833 592 3914 vigesimus
611 3856 709 3896 nonus
726 3837 781 3896 luit
872 3833 889 3872 ⁴
908 3833 1124 3894 Meditrdoniur
1143 3837 1266 3897 erimina.
1303 3830 1355 3900 Βίου

235 3921 288 3993 28.
306 3915 391 3974 Maii.
834 3917 891 3976 loc.
905 3919 955 3976 cit.

874 3995 1144 4076 ⁵Crucihussdstsi.
1183 3991 1351 4069 Judteosqul·

267 4075 285 4107 ²
306 4077 368 4136 Per
393 4087 514 4158 quatuor
540 4074 600 4136 dier
625 4085 780 4150 ostentare,
833 4079 896 4136 dem
912 4081 993 4139 cruci
1016 4077 1127 4139 tidfixos
1149 4089 1281 4139 memorat
1290 4074 1351 4132 lose

231 4157 267 4217 ln
300 4159 567 4236 Hierosolymorum
598 4158 779 4228 suburbanis,
834 4159 917 4237 plius,
940 4160 1013 4219 bell.
1024 4163 1094 4220 Jud.
1119 4179 1148 4218 v.
1165 4167 1285 4218 ll.n.l.
1319 4157 1348 4209 dl

227 4240 468 4319 septemtrionem
498 4239 606 4310 uersus,
637 4249 780 4297 (stentare
832 4240 896 4298 silet
917 4259 1046 4310 causam,
1064 4261 1169 4319 eosque
1181 4241 1242 4299 ideo
1258 4233 1346 4318 tamin?

168 4341 195 4356 ⁷·
230 4323 369 4391 ateties
386 4319 530 4379 Romane.
570 4320 687 4398 loseph.
703 4319 777 4378 Bell.
832 4317 939 4380 b‘l'ito
960 4323 1076 4400 punitos
1101 4323 1196 4391 tradit,
1217 4317 1344 4378 ut'obstsst

229 4401 429 4472 lud.'v.9.o.
446 4409 474 4473 1.
511 4401 703 4472 Quatuorilli
718 4401 777 4461 dios
831 4403 903 4481 quid
918 4403 992 4482 ipsos
1006 4399 1343 4478 mmenqntredederut
