2859 4950
225 308 263 361 28

233 1156 358 1237 publicae
372 1157 473 1221 forma,
488 1154 527 1212 ibi
547 1154 698 1231 principes.
725 1156 781 1214 Rc-

232 1259 283 1316 ges
304 1257 399 1315 reguo,
417 1236 557 1313 principes
579 1236 687 1293 civitati
711 1256 776 1313 prae-

151 1357 153 1366 ι
235 1330 325 1376 crant.
376 1318 453 1374 Tum
480 1317 508 1373 in
535 1317 635 1391 regnis,
663 1331 725 1373 turn
752 1318 779 1372 in

234 1400 399 1457 civitatibus
414 1415 470 1455 tem
485 1395 635 1453 militarem
649 1400 780 1471 regebant

236 1480 329 1537 eluces.
362 1472 570 1555 Poprrlinutcrn
581 1477 782 1533 dividebantur

236 1558 266 1615 iu
285 1580 383 1635 pagos.
425 1560 473 1615 Sic
489 1558 640 1613 Semnones
662 1572 780 1615 centurn

236 1641 316 1716 pagis
325 1640 537 1701 habitabuntur,
547 1648 578 1693 ut
588 1638 782 1695 diceturinfro

237 1738 303 1796 cap.
327 1726 376 1788 39.
417 1719 589 1775 Helvionum
613 1738 678 1793 gens
700 1719 783 1794 quin-

239 1792 333 1875 gentis'
351 1799 430 1877 pagis
456 1799 608 1864 incolebat,
639 1799 713 1856 Plin.
738 1818 782 1855 rr.

241 1886 289 1937 13.
311 1879 434 1955 bingulis
449 1878 531 1956 pagis
545 1898 617 1935 unus
632 1892 693 1936 erat
707 1880 784 1955 prin·

199 1974 204 1988 “
239 1979 316 2037 ceps,
336 1974 388 2018 aut
409 1959 505 2035 potius
523 1978 625 2028 comcs,
647 1962 696 2033 qui
713 1963 782 2035 jura

237 2040 385 2099 reddebat.
427 2040 510 2116 Pagi,
535 2052 567 2097 ut
586 2052 715 2096 notatum
742 2052 782 2097 est

212 2173 220 2194 ,
238 2116 783 2199 supracap.6.p.13.subdiridebantur

237 2201 268 2260 in
284 2202 377 2271 Viros,
389 2220 437 2257 scu
453 2200 633 2269 uundoedas,
642 2221 707 2276 quae
720 2222 783 2259 een·

238 2292 309 2341 tcnae
323 2280 491 2339 centuriaere
506 2282 684 2351 dicebantur,
705 2282 783 2359 qubd

238 2375 356 2421 centum
367 2362 448 2419 riilas
458 2372 642 2420 continerent.
666 2365 697 2419 ln
712 2382 782 2419 uno-

238 2462 355 2522 quoque
374 2444 438 2502 vico
462 2462 536 2501 unus
558 2456 618 2501 erut
642 2463 677 2500 ex
700 2443 782 2520 plebe

232 2543 343 2594 ‘comcs
354 2536 405 2582 aut
420 2525 515 2601 potius
528 2536 674 2588 centenus.
691 2525 742 2600 qui
756 2541 784 2582 et

238 2605 416 2664 centenarius
428 2606 589 2683 appellatus
601 2617 652 2662 cst.
676 2606 780 2661 Coram
816 2627 819 2632 ·

239 2701 358 2743 centeno
371 2699 567 2744 centenariore
582 2705 702 2742 minores
715 2705 785 2742 cuu-

239 2785 276 2824 sae
297 2767 511 2824 dirimebantur.
552 2766 657 2823 Coram
678 2767 783 2823 comite

240 2866 333 2904 causae
348 2867 443 2904 ornnes
464 2860 522 2904 tans
544 2848 674 2922 majoris,
693 2846 781 2923 qubm

239 2929 370 2997 minores,
389 2929 632 3004 cognoscebantur
651 2946 686 2984 ac
703 2927 784 3003 judi-

240 3011 390 3065 cabantur.
433 3009 502 3065 Inde
517 3009 546 3064 in
568 3009 628 3084 iege
646 3008 784 3066 Alaman-

170 3135 174 3141 .
237 3107 352 3158 norunt,
374 3089 433 3146 Tit.
449 3107 568 3146 xxxvi.
589 3089 642 3164 leg.
662 3097 688 3146 1.
713 3087 785 3146 Con·

239 3178 338 3228 uentus
357 3170 505 3227 secundini
518 3170 660 3246 antiquam
673 3189 786 3227 consue·

239 3249 425 3325 tudinem-fiat
440 3252 467 3307 in
479 3251 551 3308 omni
562 3250 677 3308 cernent
691 3247 793 3307 corom'

239 3331 348 3401 cernite,
372 3339 422 3388 cut
441 3352 490 3389 suo
512 3330 614 3398 Misso,
639 3340 668 3388 ct
691 3351 784 3388 corum

238 3412 398 3470 centenario
411 3413 499 3487 ipsum
509 3412 719 3488 plucitnrnfiot.
748 3412 786 3468 Et

239 3492 270 3553 iu
289 3491 507 3567 Capitularibus
527 3492 624 3549 Caroli
644 3491 743 3566 Magni
758 3505 787 3548 ct

240 3572 381 3632 Ludovici
398 3573 587 3648 imperatoris,
601 3591 653 3632 111.
666 3580 715 3640 79.
740 3573 782 3628 Ut

234 3653 332 3730 pullus
352 3651 429 3711 homo
454 3653 484 3711 in
501 3654 608 3730 placito
630 3652 783 3710 centenarii

238 3735 376 3810 nequead
394 3743 519 3803 mortenn,
541 3735 681 3810 nequead
701 3733 784 3790 liber·

239 3824 326 3874 tatem
337 3835 415 3872 reram
428 3815 617 3884 omittendam,
629 3815 674 3870 uel
687 3813 724 3869 ad
739 3833 782 3870 res

238 3895 405 3965 reddendas,
417 3897 463 3953 nel
471 3895 608 3970 mancipia
611 3893 762 3970 judicetur
769 3918 781 3961 ;

237 3977 288 4035 red
310 3977 366 4034 isto
385 3975 414 4032 in
423 3973 582 4053 ,persentiri
603 3973 719 4042 comites,
740 3975 785 4030 nel

238 4057 394 4116 Missurum
418 4065 587 4127 nostrorum,
603 4054 783 4132 judicentur.

239 4139 335 4196 Penes·
348 4138 412 4196 illos
431 4138 548 4195 comites
560 4150 590 4193 ct
609 4135 782 4194 centenarios

238 4219 391 4278 consilium
418 4227 479 4275 erat
503 4226 531 4275 et
557 4216 724 4283 auctoritas,
751 4225 785 4274 ut

238 4311 327 4377 putet.
369 4298 489 4356 Centeni
515 4305 611 4355 autem
635 4297 654 4354 ὲ
679 4297 783 4355 Tacito

240 4383 310 4441 dicti
324 4389 392 4438 sunt
405 4379 524 4437 Comiter
545 4399 582 4436 ex
602 4397 656 4436 usu
678 4380 786 4438 Roma·

238 4460 785 4536 norum‚opudquoshonorumnomino

238 4553 319 4602 erant
339 4543 443 4612 Caesar,
467 4542 587 4618 Legatos
607 4543 736 4619 Caesaris,
756 4551 785 4599 ct

599 298 634 356 C.
656 299 853 361 CORNELII
875 302 1010 361 TAClTI

278 469 335 531 13.
361 456 484 529 Nmn
503 471 619 528 autem
635 480 749 554 neque
766 456 914 552 publicae
931 483 1044 556 neque
1061 456 1208 555 privatae
1235 459 1306 550 rei,
1331 486 1395 539 mss

226 573 347 653 armati
364 574 495 671 agunt.¹
546 572 616 644 Sed
632 596 728 644 arma
743 598 880 645 sumere
896 599 967 645 non
984 574 1062 647 autc
1080 577 1253 673 cuiquam
1274 579 1395 669 moris,

227 689 336 790 quiun
352 690 468 764 civitas
484 686 711 761 suffecturum
728 692 933 785 probaverit.
964 694 1058 763 Tum
1075 692 1111 763 in
1127 692 1208 787 ipso
1228 694 1394 781 concilio,

226 808 283 883 rel
295 806 489 904 principum
498 804 632 901 aliquis,
644 804 699 876 vel
712 822 821 899 pater,
834 807 888 879 vel
899 806 1113 904 propinquus
1123 826 1230 880 scuto
1242 806 1392 881 framei-

229 950 299 1023 que
320 926 484 1021 juvenem
509 924 682 993 ornant:²
707 922 783 994 haec
809 924 901 1021 apud
929 924 1006 997 illos
1032 928 1138 1024 togn,³
1166 926 1229 997 hic
1258 926 1392 1021 primus

834 1159 951 1215 comites
964 1158 1058 1230 iegati.
1080 1158 1156 1221 vide
1172 1160 1293 1232 Digest.
1307 1157 1357 1213 lib.
1370 1175 1391 1213 1.

832 1238 890 1295 'rin
903 1246 951 1296 22.
966 1241 999 1294 de
1011 1239 1105 1309 Officio
1117 1241 1326 1296 Aruernorum.
1338 1240 1388 1313 leg.

832 1324 860 1375 4.
902 1320 1042 1394 Tempora
1064 1330 1159 1375 autern
1185 1332 1387 1375 conventuum

833 1398 1064 1474 placitorunrque
1086 1401 1125 1455 itu
1138 1400 1321 1457 determinat
1344 1400 1386 1455 lex

835 1478 1069 1549 Alarnurunnrurn‚
1081 1480 1139 1536 Tit.
1156 1499 1278 1538 xxxvl.
1294 1481 1348 1552 leg.
1359 1486 1386 1537 2.

833 1559 927 1633 Ipsum
947 1562 1151 1635 plucitnmjint
1170 1563 1208 1616 de
1228 1563 1347 1617 sabbato
1361 1560 1387 1617 in

831 1641 981 1709 sabbatum,
996 1650 1046 1697 unt
1059 1642 1134 1714 quoii
1149 1642 1196 1697 elic
1212 1662 1316 1708 corner,
1339 1648 1384 1697 unt

832 1722 1007 1777 centenarius
1031 1721 1160 1787 voluerit,
1184 1722 1204 1777 n
1227 1731 1335 1792 septem
1358 1721 1385 1777 in

831 1808 932 1873 septeni
955 1810 1057 1867 ntoctrr,
1083 1802 1193 1877 quandin
1214 1822 1275 1877 pur
1297 1820 1384 1877 putea

832 1888 874 1936 cst
900 1880 927 1937 in
952 1880 1116 1957 provincii:
1150 1880 1268 1956 qrrnnrb
1296 1890 1383 1946 antem

832 1962 928 2016 unctior
949 1971 1000 2031 est,
1020 1956 1084 2037 prist
1102 1980 1192 2017 xuni.
1214 1964 1382 2035 norterfint

833 2050 982 2099 concernens
1008 2043 1033 2098 in
1059 2042 1131 2099 urnni
1151 2043 1285 2111 centcnri,
1312 2048 1381 2099 sicut

831 2120 958 2195 superius
981 2122 1107 2179 dicineus,
1142 2124 1205 2179 Sub
1236 2124 1297 2191 diu,
1322 2122 1382 2177 loco

833 2201 921 2275 puulo
933 2204 1061 2271 editiore,
1073 2203 1161 2269 ulmo,
1176 2222 1305 2277 quercu,
1317 2200 1382 2258 abri-

834 2302 864 2335 rc
880 2281 963 2339 deusb
976 2286 1074 2339 arbori¹
1093 2285 1300 2346 obumbrante,
1320 2300 1383 2338 con·

833 2374 932 2419 reutus
947 2364 1170 2421 celebrabantur.

875 2523 883 2550 ¹
908 2525 1022 2582 Armati
1035 2535 1133 2602 ngnnt.
1168 2523 1290 2598 Ipsique
1303 2521 1380 2598 judi-

832 2623 878 2660 ces
897 2607 1007 2663 arrunti.
1041 2606 1111 2662 ludo
1135 2606 1164 2661 in
1183 2605 1260 2679 lnge
1276 2601 1379 2672 Salicri,

833 2686 890 2744 Tit.
907 2705 1010 2744 xuvn.
1026 2687 1078 2760 leg.
1097 2695 1121 2742 l.
1143 2685 1180 2742 In
1203 2688 1266 2760 ipso
1280 2683 1379 2750 Multo,

835 2768 861 2823 id
876 2779 926 2836 cst,
939 2767 1057 2844 placitu,
1070 2786 1117 2822 scu
1138 2781 1285 2822 consentu
1304 2763 1379 2840 judi-

834 2848 1253 2926 ciali,scutuniinbercdebent,
1270 2847 1377 2904 Morem

833 2930 915 2986 illurn
931 2928 1068 2985 retinuero
1083 2927 1183 3004 populi
1198 2945 1297 2982 omnes
1311 2924 1377 2982 Ger-

833 3011 952 3066 manico
965 3009 1088 3083 originis.
1131 3007 1221 3083 Apud
1236 3027 1284 3063 eos
1299 3007 1378 3061 deco-

835 3091 870 3148 ris
884 3103 912 3148 et
928 3091 1096 3147 urbanitatis
1110 3099 1151 3145 est
1174 3089 1203 3144 in
1225 3087 1375 3163 pubiicum

834 3191 888 3228 non
905 3171 1025 3248 prodire,
1046 3171 1097 3228 nisi
1112 3169 1208 3245 giadio
1222 3169 1376 3226 accinctos.

834 3254 942 3311 Contra
968 3251 1032 3308 verb
1061 3249 1181 3309 Romani
1211 3248 1325 3306 tontum
1349 3244 1375 3299 in

836 3333 910 3390 bclio
925 3331 1036 3388 armati.

873 3409 887 3436 ²
907 3411 1041 3470 Jurencrn
1053 3418 1165 3468 ornant.
1188 3409 1261 3466 Haec
1274 3408 1376 3482 Eques·

836 3493 884 3552 tn's
899 3491 1064 3556 nubilitatis
1084 3509 1201 3548 arorrun
1218 3499 1373 3546 nostrorum

836 3571 973 3631 memorii
1011 3570 1238 3630 celebratissimae
1287 3565 1373 3625 initia.

838 3655 901 3712 Filii
913 3673 1009 3730 regum
1025 3652 1043 3709 ὲ
1056 3653 1169 3727 regibus
1181 3649 1286 3708 exteris
1298 3662 1373 3704 arms

835 3739 977 3812 accepisse
1009 3732 1150 3790 ridentur.
1206 3732 1275 3788 iude
1309 3725 1373 3784 curn

837 3817 963 3884 Audon,
977 3813 1155 3892 Gepidorum
1165 3813 1266 3887 victor,
1278 3809 1296 3866 b
1307 3807 1375 3894 Lun-

836 3897 967 3972 gobardis
982 3895 1158 3965 incitaretur,
1179 3905 1213 3950 ut
1233 3909 1299 3950 cum
1317 3884 1372 3942 filio

836 3997 888 4034 sun
919 3976 1036 4048 Alboin,
1072 3974 1198 4034 rictoriae
1231 3966 1372 4050 participe.

837 4059 995 4134 pranderet,
1010 4058 1038 4116 id
1051 4056 1179 4133 negavit:
1201 4051 1280 4112 scitis
1296 4046 1370 4111 cerini,

838 4139 938 4216 inquit,
952 4158 1006 4197 non
1018 4159 1074 4196 esre
1087 4136 1162 4213 opud
1174 4155 1222 4194 nos
1236 4134 1372 4191 somnitu-

838 4221 936 4292 dinem,
964 4227 996 4278 nt
1017 4218 1093 4296 regis
1107 4219 1193 4292 filins
1213 4233 1271 4273 cum
1292 4213 1371 4293 patr}

837 4303 984 4376 prandeat,
997 4300 1051 4358 nisi
1070 4298 1183 4376 priisd
1203 4313 1267 4372 rcgc
1283 4293 1370 4366 gentis

839 4392 939 4440 eutero
963 4401 1041 4440 cmo
1066 4378 1212 4456 suscipiat.
1264 4372 1371 4429 anc-

839 4463 940 4531 fridus,
948 4463 980 4520 rie
995 4461 1091 4521 Gestis
1106 4453 1280 4538 Langobard.
1287 4467 1312 4541 ¹1.
1326 4449 1369 4503 23.

878 4540 889 4576 ³
913 4543 1002 4621 Toga.
1023 4544 1063 4602 Ut
1074 4533 1257 4619 toga.dequit
1267 4532 1369 4589 dictur:
