2859 4950
273 338 334 397 AD
355 334 584 399 DIALOGUM
606 336 664 397 DE
684 336 957 402 ORATORIBUS.
1139 336 1198 401 623
1249 408 1251 416 ‚

83 482 170 552 Nom
184 486 220 551 in
234 486 371 577 iugenio.
417 488 505 555 Beue
520 468 665 556 Pithoeus
678 502 710 555 et
725 489 896 557 Acidalius.
912 486 1200 574 'Praepositioabest
1242 498 1245 509 '

37 595 57 659 ri
71 599 227 664 veteribus
240 599 438 665 editionibus.

81 708 281 798 Quamquam
295 712 362 777 olio
376 713 445 779 diu.
490 710 606 779 Mollet
631 710 790 795 Ernestus,
813 734 997 803 quamquem
1011 711 1115 795 utilio,
1137 712 1195 795 vel,
1292 726 1294 731 ’

36 818 177 903 utiliora,
200 844 267 911 que
280 834 433 890 seruntur.
465 906 469 913 .

82 1046 176 1113 Cur.
191 1056 223 1119 7.
244 1047 300 1114 De
312 1072 360 1115 me
372 1050 564 1141 iprefoteor.
609 1049 659 1119 Its
673 1052 821 1119 editiones
831 1064 946 1118 veteres
954 1065 985 1117 et
999 1053 1194 1119 recentiores.

37 1155 76 1221 In
94 1158 198 1225 MSS.
213 1160 315 1227 Vario.
329 1175 362 1227 et
375 1163 560 1229 editionibus
574 1164 695 1244 mediis,
718 1164 756 1229 cle
769 1162 905 1250 meipso.

78 1270 160 1334 Tum
181 1270 295 1337 buben
318 1273 401 1361 quod
424 1276 520 1355 inse,
553 1298 615 1340 non
637 1275 672 1341 in
693 1274 769 1353 ulio,
801 1276 911 1339 entur.
955 1273 1008 1341 Sic
1023 1273 1195 1339 emendavit

34 1377 152 1445 Illustr.
179 1380 333 1448 Huetins:
368 1384 486 1469 optime
509 1380 645 1473 quidein,
674 1398 706 1449 et
731 1384 888 1469 aptissime
914 1386 953 1449 sd
977 1408 1079 1451 mores
1102 1385 1194 1472 hujus

31 1490 143 1570 seculi,
174 1515 237 1579 quo
265 1494 372 1560 Stoico
397 1496 539 1581 vigebant
564 1495 687 1582 placito.
731 1495 851 1563 Eorum
879 1496 959 1561 enirn
987 1518 1109 1561 summa
1136 1508 1193 1577 est,

32 1603 102 1667 boec
116 1603 235 1667 tanturn
249 1606 362 1670 babere
377 1609 471 1684 bonu,
493 1631 561 1697 quse
576 1610 607 1673 in
622 1632 664 1690 se,
687 1630 750 1673 non
765 1608 796 1697 in
819 1605 891 1689 alio,
913 1607 1063 1685 oriuntur.
1100 1606 1192 1673 Male

31 1712 107 1778 libri
120 1714 205 1796 editi,
227 1726 293 1781 turn
306 1718 395 1783 obire
408 1718 493 1805 quod
503 1722 531 1785 ri
544 1742 605 1787 non
618 1722 654 1785 in
667 1719 733 1783 ulio
754 1721 867 1785 orilro.
910 1718 1034 1783 Frrutru
1056 1719 1193 1783 tentabat

33 1822 188 1906 Pithon,
208 1838 275 1892 tum
287 1827 413 1907 babere,
433 1830 517 1917 quod
529 1854 592 1896 non
605 1832 639 1899 in.
653 1829 725 1897 oloo
749 1830 869 1906 oritur3
891 1827 953 1908 vel,
974 1828 1058 1917 quod
1078 1831 1106 1895 si
1129 1852 1193 1897 non

32 1935 163 2002 aliunde
181 1938 292 2005 oritur.
338 1940 491 2020 schelius,
512 1952 578 2007 tum
602 1942 724 2023 babere,
745 1939 828 2031 quood
848 1963 912 2007 non
933 1941 968 2005 in
991 1940 1070 2006 ulios
1084 1962 1194 2031 conge·

32 2048 129 2125 ritrrr',
152 2045 212 2131 rel,
234 2050 413 2140 eorfiertur:
436 2052 719 2133 Scbnrefleisebius,
741 2066 806 2119 rum
821 2054 855 2117 in
869 2052 975 2117 calum
990 2052 1088 2134 ubire,
1110 2050 1194 2141 quod

31 2158 69 2224 id
82 2182 145 2225 nou
160 2162 203 2227 ub
217 2162 282 2228 ulio
297 2164 408 2229 orilm.
452 2162 518 2229 Atii
530 2165 630 2243 aliter,
653 2177 685 2228 et
698 2165 786 2251 oequd
801 2160 974 2227 infeliciter.

82 2271 242 2340 Codieillis
266 2275 371 2341 datur.
417 2274 465 2341 Ito
487 2274 591 2343 MSS.
614 2274 719 2341 Vatic.
747 2274 840 2339 Libri
862 2274 946 2354 editi,
975 2274 1008 2339 in
1031 2271 1190 2339 codicillis.

33 2382 293 2470 Praepositionem
306 2387 470 2483 omittebat
483 2410 608 2474 quoque
625 2384 778 2452 Pithoeus.

77 2496 262 2588 Quefumo
286 2512 316 2566 et
340 2501 410 2565 Inus
433 2500 567 2587 cujusvis
591 2499 680 2564 celin
724 2498 775 2572 Ite
802 2496 927 2584 Lipsius
950 2509 982 2564 et
1006 2494 1191 2561 recentiores

32 2631 154 2674 omnes.
199 2609 237 2675 In
248 2611 433 2676 editionibus
444 2610 610 2690 veteribus
630 2609 708 2699 quid
708 2611 820 2698 fonto
864 2607 1037 2676 Beroaldus
1047 2607 1191 2674 emenda
1229 2591 1232 2598 ‚

30 2721 86 2802 rit,
102 2723 254 2807 rrp'usois:
275 2722 366 2788 antei
380 2723 508 2803 editum,
530 2723 628 2809 cujus.

80 2832 181 2898 bon
168 2857 179 2896 r
182 2833 330 2898 lluslres
317 2857 351 2898 ro
370 2831 455 2898 Urbe
471 2833 580 2899 solelm.
625 2831 730 2898 MSS.
744 2831 844 2898 Velio.
864 2833 947 2900 1862
961 2837 1102 2906 eterne
1127 2851 1190 2894 uun

28 2945 211 3011 illustrent
226 2969 287 3010 riou
301 2947 336 3010 in
356 2943 559 3022 {Querulum
604 2943 684 3009 MS.
698 2943 801 3010 Vntic.
821 2953 914 3010 1518.
935 2967 998 3010 non
1013 2943 1191 3010 incurerre

27 3081 94 3122 reon
109 3057 219 3122 solrim.

81 3167 201 3238 Quibus
215 3166 304 3232 modd
318 3181 402 3233 recto
418 3180 447 3233 et
462 3167 648 3234 indolescit.
693 3166 744 3234 Ite
760 3167 861 3234 MSS.
877 3167 978 3233 Votie.
1003 3181 1034 3232 et
1058 3165 1189 3252 optime.

28 3281 88 3348 Sic
103 3279 237 3360 Tullius,
262 3301 286 3344 r.
307 3282 347 3344 de
361 3279 468 3345 Dicin.
489 3282 543 3346 86.
588 3279 798 3374 Quintilianus
822 3277 956 3344 “lustit.
968 3277 1077 3344 oruss’
1092 3298 1143 3342 vr.
1157 3285 1196 3342 8..

25 3394 162 3482 ipseque
175 3393 306 3458 Tacitus
318 3393 397 3458 inira
410 3417 480 3480 cup.
499 3403 548 3460 10.
562 3393 654 3458 modii
668 3417 726 3478 pro
740 3393 863 3482 quidem
878 3413 1072 3476 usurpavere.
1112 3389 1191 3455 Per-

25 3527 142 3591 perum
157 3504 227 3569 libri
242 3506 327 3585 editi,
342 3505 454 3594 quibus
467 3528 585 3570 murm
600 3516 628 3570 et
642 3503 760 3570 indoles
773 3515 825 3570 est.
857 3501 984 3588 Lipsius
998 3503 1017 3570 ὲ
1034 3502 1190 3584 Romanu,

26 3613 138 3680 nescio
153 3617 228 3704 quir,
249 3615 392 3696 editione,
414 3614 662 3706 laudnt„quibus
674 3617 777 3703 major
791 3614 917 3682 indoles.

78 3846 171 3913 Cur.
184 3855 216 3912 θ.
242 3843 316 3910 Non
330 3845 433 3911 miride
446 3869 517 3912 esre.
558 3847 689 3912 Videtur
709 3843 870 3924 excidisse,
883 3853 990 3916 notos,·
1012 3840 1105 3929 idque
1119 3841 1188 3926 jorn

25 3981 182 4027 monuere
196 3958 343 4023 Muretus
361 3971 394 4021 et
422 3957 556 4042 lipsius.
600 3957 797 4023 Emendubnr
823 3954 1103 4035 Schurzfleischius,
1126 3973 1188 4018 rron

25 4070 161 4136 umoris
180 4090 253 4135 esse.
295 4067 447 4133 Seiinerio
464 4084 495 4132 et
510 4067 638 4135 Sebeiio
651 4071 798 4153 probetur
813 4066 938 4152 vulgatu
948 4066 1115 4151 scripture:
1132 4064 1187 4128 sed

24 4180 198 4266 immerito.

79 4291 147 4357 Nec
166 4291 222 4358 boc
246 4291 294 4358 illi
315 4290 453 4358 alteriue.
499 4289 693 4381 Sic-optime
712 4290 886 4356 emendavit
905 4287 1023 4356 Illustr.
1039 4285 1184 4352 Huetius.

30 4403 74 4470 ln
96 4402 183 4472 libris
197 4405 341 4472 omnibns
356 4403 455 4486 editis,
482 4426 536 4470 nec
558 4403 615 4471 lior
634 4402 696 4470 illis
715 4402 847 4470 ulterius
871 4411 917 4469 ter
931 4400 1052 4466 millies.
1095 4395 1187 4464 Unde

123 4528 206 4574 voc.
231 4529 280 4574 lv.
1034 4513 1055 4572 2
1080 4519 1103 4566 Β
