2859 4950
518 298 743 363 aontcoua.
1163 317 1205 381 so

76 455 153 547 dius,
165 454 269 555 quim
281 452 389 531 feroci
400 452 576 555 provincii
589 457 735 555 dignum
745 472 812 531 est:
827 458 1028 557 temperavit
1037 460 1205 563 Agricola

75 574 130 645 vim
144 598 252 663 suam,
279 574 508 672 ardoremque
525 573 737 669 conpescuit,
759 596 805 647 ue
820 572 1047 668 incresceret3
1075 582 1205 677 peritus

73 690 209 785 obsequi,
225 690 450 787 eruditusque
467 689 562 761 utilia
577 688 730 761 honestis
752 689 907 765 ntisceoe.
958 694 1063 767 Brevi
1079 696 1204 771 deiude

75 802 226 875 britania
242 806 481 877 consularem¹
502 802 662 877 Petilium
680 803 854 877 Cerialem
870 809 1011 905 accepit.
1062 813 1204 889 Habne.

78 936 135 989 unt
157 920 302 991 virtutes
327 920 484 1017 spatium¹
499 918 768 1014 exemplorum.²
818 921 888 993 Sed
916 924 1031 1019 primo
1060 930 1203 1003 Cerialis

77 1032 184 1106 labores
213 1034 325 1107 modd
352 1051 387 1107 et
414 1032 632 1121 discrimina3
660 1058 746 1105 mox
775 1051 810 1105 et
837 1035 985 1133 gloriam
1010 1047 1202 1142 communi.

73 1150 168 1221 cabat:
198 1175 295 1247 saepe
320 1150 407 1247 parti
433 1150 608 1223 exercitiis
634 1150 670 1219 in
695 1149 987 1246 experimentum,
1012 1157 1200 1254 aliquande
1288 1216 1294 1223 ,

70 1264 234 1360 uujotibus
249 1266 357 1363 copiis
374 1290 419 1339 ex
436 1282 560 1338 eventu
577 1263 748 1362 praefecit:
773 1291 838 1339 nec
855 1268 1022 1366 Agricola
1033 1298 1200 1372 umquam

67 1376 199 1451 usuam
224 1378 357 1453 famam
381 1382 484 1481 gestis
500 1380 704 1469 exsultatit3
733 1381 778 1451 ad
799 1399 976 1454 auctorem
1000 1403 1035 1459 et
1058 1390 1199 1485 ducem,

67 1508 98 1563 ut
110 1495 277 1586 utinister,
288 1494 463 1569 fortunam
479 1495 669 1569 referebat:
697 1496 744 1568 ita
765 1496 890 1569 virtute
906 1497 942 1567 in
959 1501 1203 1599 obsequendo,

65 1613 255 1687 versanda
268 1612 306 1687 in
317 1613 549 1709 praedicmdo,
561 1630 660 1685 extra
670 1610 846 1701 invidiam,
858 1636 923 1687 nec
935 1631 1035 1687 extra
1049 1617 1198 1716 gloriam

66 1744 137 1799 erat.

102 1966 134 2035 9.
159 1962 472 2037 Ravrnrrurun
498 1965 543 2036 ab
572 1961 740 2061 legatione
766 1961 910 2061 legionis
940 1963 1039 2039 divus
1069 1970 1197 2067 Vespa.

62 2072 160 2150 sanus
182 2080 276 2157 inter
292 2080 470 2177 patricios³
497 2080 649 2169 adscivit,
674 2104 713 2152 ac
739 2078 862 2151 deinde
883 2081 1068 2176 provinciae
1084 2087 1196 2183 Aqui.

62 2187 178 2267 taniae4'
194 2195 399 2291 praeposuit,
424 2196 611 2293 splendidae
634 2194 670 2265 in
694 2194 813 2290 primis
829 2196 1012 2293 dignitatis,
1035 2201 1196 2275 adminis-

60 2308 206 2383 tratione⁵
224 2336 265 2384 ac
280 2336 340 2409 spe
352 2312 564 2401 consulatus,
577 2311 632 2384 cui
649 2309 844 2382 destinirat.
869 2314 1028 2387 Credunt
1039 2314 1195 2421 plerique

60 2423 247 2502 utilitatibus
264 2427 409 2531 ingeniis
425 2426 644 2503 subtilitatem
660 2426 791 2515 deesse,
809 2425 889 2523 quia
904 2430 1082 2503 castrensis
1094 2432 1197 2530 juris·

59 2537 146 2614 dictio
162 2569 286 2618 secura
296 2561 332 2616 et
356 2537 538 2633 obtusior,⁶
554 2568 593 2618 ac
606 2543 706 2640 plura
719 2565 825 2612 mauu
841 2565 959 2640 agens,
976 2545 1193 2656 calliditatem

59 2649 115 2726 lori
140 2683 212 2734 non
235 2679 406 2734 exerceat.
459 2659 625 2760 Agricola
649 2655 795 2730 naturali
819 2660 1016 2754 prudentii,
1037 2665 1193 2760 quamvis

58 2767 133 2845 inter
154 2782 318 2876 togatos,⁷
335 2774 434 2850 facil&
456 2775 617 2876 justique
641 2775 774 2873 agebat.
825 2776 901 2848 Jam
925 2777 1011 2850 verb
1036 2795 1192 2878 tempora

90 3083 98 3109 ¹
128 3088 317 3152 Consularem.
343 3093 529 3157 Consularem
552 3095 592 3152 le·
684 3089 876 3152 4Provincia
886 3094 1053 3173 Aquitania.
1068 3096 1189 3174 APyre·

58 3176 150 3236 gutum.
208 3176 303 3232 Ante-b
329 3175 447 3234 Petilius
472 3177 590 3235 Cerialis
642 3175 709 3236 meis
730 3177 874 3231 montibus
890 3177 926 3230 ad
947 3175 1068 3250 Ligerim
1087 3194 1186 3254 usqne,

59 3245 136 3308 laetat
159 3253 271 3330 legatus
293 3256 408 3331 legionis
441 3275 531 3326 noua,
557 3269 589 3316 ut
631 3259 715 3339 from
737 3255 783 3312 tlte
809 3255 948 3331 Pyrenees
969 3261 999 3310 to
1025 3257 1071 3312 tle
1092 3255 1188 3330 Loire,

60 3325 165 3388 uidimus
177 3355 268 3412 supra
280 3337 386 3394 Anual.
403 3355 470 3394 utu.
485 3344 534 3396 32.
644 3338 865 3417 protendebatur
883 3335 1050 3410 Aqttitaniu.

89 3401 245 3488 ‘Spatium
270 3417 460 3492 ererrtplorum.
483 3419 588 3476 llocte-
682 3417 692 3450 ⁵
737 3414 998 3475 Adaatniuraeioae.
1040 3415 1188 3491 Agricola,

60 3499 101 3542 nus
114 3489 139 3546 iu
154 3495 230 3552 brevi
246 3499 392 3554 tribunatu
410 3497 544 3568 militnm,
558 3499 587 3556 in
642 3513 735 3560 rector
759 3497 935 3573 Aquitania,
956 3494 1111 3572 splendidae
1130 3497 1187 3556 fnit

60 3567 191 3654 tribunatu
203 3577 293 3651 plebis
303 3591 331 3634 et
344 3579 477 3665 prptttri,
489 3597 586 3636 muue—
640 3579 794 3655 dignitatis,
804 3578 841 3632 ob
852 3593 960 3652 magnae
973 3578 1184 3653 proriuciaend-

60 3647 123 3705 tibus
141 3657 242 3713 annuis
255 3659 349 3734 quieto
363 3672 391 3715 et
411 3659 471 3716 otio
488 3660 587 3716 trausi-
640 3658 884 3728 munstrationem,
905 3674 940 3713 ac
954 3677 1031 3734 spem
1047 3659 1186 3733 ,comitia—

59 3731 150 3803 geudis,
162 3737 210 3792 vix
226 3739 319 3796 luerat
330 3739 483 3796 virtutibus
496 3738 585 3808 loeus,
640 3742 695 3809 tos,
711 3739 789 3798 coia
804 3738 977 3817 Vespasiano
989 3749 1051 3797 erat
1063 3739 1184 3797 destina·

60 3811 122 3868 certi:
144 3833 199 3874 non
226 3819 280 3876 luit
297 3820 420 3896 spatium
441 3820 586 3898 exemplo·
639 3837 697 3878 tus.

60 3888 140 3948 rum(
156 3900 198 3954 At
211 3899 279 3956 calm
299 3900 434 3976 Agricola
452 3919 502 3978 per
517 3920 586 3975 qua·
678 3893 691 3927 ⁶
711 3897 853 3957 Securoet
865 3898 998 3963 obtestor.
1020 3898 1100 3966 Quia
1111 3919 1183 3978 pau-

60 3969 200 4036 dtieuuium
239 3979 348 4056 legatus
381 3980 437 4038 fuit
468 3979 583 4056 legionis
638 3981 679 4038 cis
689 3995 719 4038 et
730 3978 885 4056 perspicuis
896 3979 1003 4054 legibus
1018 3980 1118 4053 utitur,
1129 3985 1181 4041 lori

60 4049 190 4128 vicisima,
213 4059 316 4118 habuit
335 4063 459 4136 spatium
485 4061 585 4138 depro-
636 4060 803 4136 antbngibus
816 4059 934 4117 minime
946 4060 1089 4120 intricata.

61 4137 137 4192 urendi
155 4140 271 4198 virtutes
292 4159 357 4198 snas
376 4143 581 4218 inexemplum
677 4138 688 4174 ⁷
708 4140 1058 4216 Quemvisintcrtogotor.
1072 4143 1184 4212 Quem·

60 4219 183 4282 presumo
195 4223 286 4280 entis
298 4231 326 4278 et
348 4221 410 4298 pdst
423 4223 537 4292 tutone,
550 4235 583 4280 ut
636 4223 678 4278 vis
698 4220 870 4297 Agricolae
888 4220 986 4277 castris
1005 4223 1043 4278 ad
1062 4233 1182 4298 togatos,

62 4296 122 4352 steti
134 4301 258 4377 explicat
274 4302 379 4360 lllustr.
398 4303 528 4361 lluetius.
636 4301 921 4378 toriqueastotiarum
931 4303 1044 4378 peritos,
1053 4305 1180 4372 venisset,

92 4367 195 4438 ³Inler
206 4385 352 4457 patricios.
372 4383 411 4442 Ut
423 4402 511 4460 supra
524 4387 583 4442 An·
637 4383 758 4440 iraturali
779 4393 873 4440 tamen
892 4381 946 4438 sua
967 4382 1119 4458 prodentia
1140 4383 1181 4440 ia-

61 4453 217 4522 alsuca.
635 4463 691 4522 cilis
708 4463 844 4540 justique
864 4463 975 4538 agebat.
1016 4462 1076 4520 Alii
1097 4463 1181 4524 aliter
