2859 4950
46 242 162 302 ncsu
300 200 437 305 'nisui
459 232 606 304 nurum
627 231 868 292 iussurum.
1097 237 1169 297 sss

43 393 155 494 collegis
185 388 366 488 Principe,¹
402 386 624 486 designatur:
660 384 782 478 Livia„
806 362 983 487 quonclam
1013 399 1164 492 negata,²
1241 414 1244 422 ⁴

42 509 243 610 permittitur:
269 507 383 582 omnia
409 503 621 603 principatus
647 521 902 580 auctoramenta
927 496 1163 600 cumulantur,

43 644 70 700 ut
82 624 261 724 principatu
278 624 408 722 certius
424 622 571 696 excidat.
1044 626 1046 633 ’

80 869 129 928 aa.
155 859 235 954 lesa
253 842 479 954 imputantis
494 853 637 944 artibus,
661 855 838 929 Caesarem
852 851 1022 946 venerari,
1039 854 1166 932 Caium

43 977 201 1070 :pemere,³
228 999 306 1070 spes
323 989 508 1060 ostentare,
522 969 586 1046 sibi
601 968 727 1046 invisos
742 969 965 1070 opprimere‚⁴
989 970 1166 1048 clientium

42 1109 102 1166 vota
124 1091 295 1188 excipere,
320 1089 429 1164 multa
454 1085 603 1186 elargiri,
628 1087 730 1184 plura
744 1087 1001 1185 adpromittere,
1027 1086 1115 1164 luxu
1131 1107 1168 1164 et

42 1207 93 1279 otio
117 1207 310 1306 Principem
338 1203 558 1278 inumbrare:
595 1203 769 1277 laetissimo
796 1203 951 1296 Tiberio,
985 1206 1046 1304 qui
1074 1207 1167 1287 mal&

43 1339 141 1398 tectam
156 1341 324 1412 mentem,
348 1340 383 1395 et
399 1321 629 1398 crescentibus
645 1322 848 1411 honoribus,
866 1321 1065 1398 incertiora
1080 1322 1168 1396 indi·
1290 1410 1294 1419 Ι

43 1439 78 1512 cia
90 1440 151 1514 cito
168 1457 370 1538 erupturam
386 1438 647 1536 introspexerat.

47 1684 126 1744 ss.
149 1677 281 1748 turre
315 1671 379 1746 hos
412 1669 561 1746 fortunae
591 1671 700 1759 lusus,
724 1687 760 1744 et
787 1671 969 1771 suspicacis
999 1673 1169 1774 Principis

42 1784 259 1884 simnbfinnes,
285 1787 438 1864 Velleius
452 1789 666 1879 Paterculus,
689 1789 837 1887 scriptor
847 1791 1012 1890 elegantis
1026 1792 1170 1892 ingenii,

43 1905 85 1974 sed
98 1905 276 1979 hominum
294 1905 401 2002 rudis,
415 1905 526 1982 laudis
542 1923 576 1978 et
592 1903 720 1978 favoris
733 1904 867 1998 avidus,
883 1907 1034 2008 ingentia
1049 1911 1173 2008 populi

45 2014 167 2094 Romani
182 2021 275 2096 facta
291 2021 386 2096 brevi
402 2021 519 2094 libello
535 2021 797 2118 complectitur:
822 2039 943 2122 totque
959 2025 1096 2116 seculis,
1117 2041 1173 2102 tot

44 2131 162 2211 iictoriis
177 2156 315 2236 partam
330 2136 464 2236 imperii
480 2139 703 2235 majestatem,
726 2136 765 2210 in
779 2137 921 2213 Tiberio
943 2143 1173 2240 comprehens
1280 2189 1284 2196 ·

43 2271 106 2341 am,
129 2253 293 2355 iSejano
316 2269 549 2342 sustentatam,
574 2251 726 2326 exhibet.
776 2255 1038 2348 Adulationem,
1060 2259 1118 2332 vel
1133 2259 1173 2333 in

43 2367 214 2446 volucribus
243 2370 360 2449 verbis
388 2367 565 2460 infamem,
588 2368 725 2466 scriptis
751 2395 835 2446 cum
858 2397 998 2447 summo
1021 2371 1172 2448 nominis

43 2484 79 2555 sui
102 2507 131 2560 et
158 2489 312 2565 historiae
345 2488 515 2564 dedecore
548 2510 738 2586 perennem
764 2480 892 2563 fecit=⁵
915 2487 989 2564 isto
1019 2490 1173 2592 odioque

42 2600 193 2699 Sejaniano
222 2631 363 2705 semper
384 2606 607 2706 premendus,
631 2604 848 2680 damnmdus
861 2630 1012 2704 semper,
1035 2607 1098 2682 sed
1122 2607 1176 2711 olr

43 2719 168 2797 curiosos
194 2724 342 2797 laudum¹
369 2723 527 2797 homines
543 2739 578 2797 et
593 2719 789 2797 deformem
802 2722 1012 2821 scriptorum
1027 2722 1174 2799 servitu·

44 2848 271 2935 temppaucos·
283 2839 423 2938 ingenii,
447 2840 616 2939 plurimos
634 2839 834 2916 adulatoria:
848 2837 1013 2917 foeditatis
1026 2839 1173 2917 imitato·

44 2964 84 3021 tes
96 2955 163 3050 pari
179 2982 266 3033 cum
281 2952 470 3055 opprobrio
485 2980 622 3055 semper
637 2955 827 3031 habiturus.

60 3290 80 3380 ¹¹
98 3295 204 3373 Consul,
225 3298 335 3378 collegii
348 3300 491 3380 Principe.
524 3302 570 3361 De
662 3299 760 3361 *Siti
781 3300 885 3362 invisos
904 3301 1069 3379 opprimere.
1110 3300 1173 3360 llos

45 3366 75 3427 bs
92 3378 192 3439 Tiberii
216 3382 337 3451 artibus,
357 3383 569 3461 honoribusque
622 3383 694 3441 inter
705 3402 855 3461 oppressus
867 3382 1110 3442 ¹videturCurtius
1121 3387 1174 3441 At·

45 3450 129 3531 sejani,
161 3464 225 3521 vide
254 3462 389 3537 Dionem,
420 3482 514 3523 nrm.
539 3484 570 3542 p.
622 3465 706 3529 nicus,
728 3462 1165 3541 dequoinfraAnnal.v1.10.
1262 3522 1268 3537 ,

46 3525 97 3593 623.
662 3542 848 3603 ⁵Permsene
860 3543 949 3623 fecit.
996 3546 1085 3603 Foeda
1109 3544 1175 3603 haec

73 3611 181 3692 ‘siem
196 3624 333 3698 quondam
345 3632 458 3703 negato.
489 3624 570 3685 Olim
623 3624 754 3684 adulatio
766 3644 796 3683 se
809 3625 911 3703 passim
923 3634 985 3683 toto
997 3624 1096 3684 libello
1109 3644 1176 3703 pro·

46 3708 150 3771 negatam
170 3704 295 3762 vidimus
307 3724 394 3783 supra
409 3706 512 3765 Annsl.
526 3724 570 3765 1v.
624 3706 675 3777 dit,
692 3724 728 3764 sc
741 3706 867 3764 maxime
881 3706 969 3764 Libro
983 3724 1020 3766 11.
1034 3700 1175 3784 captiti
1203 3719 1225 3759 'x

46 3779 81 3832 4⁰·
116 3783 215 3842 Postea
229 3786 403 3861 permissam,
419 3788 526 3845 Annsl.
539 3805 570 3844 v.
623 3796 734 3862 etseq.
777 3786 823 3844 De
849 3788 954 3865 S'ejsno
979 3786 1063 3865 longe
1090 3786 1175 3845 aliter

47 3848 67 3910 ⁶·
98 3860 168 3921 Vide
183 3884 299 3943 quoque
313 3866 419 3925 Annal.
434 3885 479 3925 vr.
495 3874 524 3927 8.
622 3867 791 3945 scripturus,
810 3867 833 3926 si
853 3871 906 3927 sub
931 3868 1016 3927 finem
1041 3869 1108 3926 suni
1132 3886 1176 3926 se·

75 3930 186 4001 ¹Coium
200 3966 339 4023 spernere.
381 3948 444 4005 Nec
459 3948 572 4006 tantum
624 3950 737 4024 quentis
757 3950 931 4027 scripsisset:
951 3956 1014 4007 tum
1027 3949 1101 4008 sorte
1114 3949 1176 4008 Vn·

47 4029 160 4105 spernere,
177 4029 325 4087 sedetiam
339 4028 470 4085 Sextium
487 4030 574 4086 Paco-
624 4029 694 4087 lerio
704 4030 837 4090 Maximo
845 4030 1034 4090 convitiorum
1042 4031 1177 4089 feracior.

48 4110 152 4177 alanum,
170 4108 221 4182 qui
234 4108 259 4164 ei
273 4108 371 4166 dolum
384 4120 507 4187 perstet,
527 4110 574 4167 de·
625 4110 672 4169 De
700 4111 819 4173 Valerio
844 4112 979 4171 Maximo
1006 4113 1071 4172 vide
1100 4110 1174 4171 inire

48 4170 122 4321 l'ipepe,
157 4196 191 4247 ut
224 4188 336 4249 dicetur
367 4188 442 4249 insto
469 4188 576 4250 Annsl.
624 4210 689 4271 cop.
702 4198 753 4261 ³9.

226 4388 313 4441 rou.
332 4388 385 4441 ιν.
942 4364 967 4441 p
