2859 4950
252 298 315 357 120
723 286 935 349 APPENDIX
1181 292 1219 347 Α.
1234 288 1307 352 U.C·
1319 298 1366 353 stt.

251 464 343 525 sunt.
393 444 536 521 Interim
562 442 678 534 Titus,
709 442 826 519 accitis
860 440 1035 517 exercitlls
1067 442 1120 517 sui
1148 442 1368 535 ducibus,¹de

250 565 383 663 templo
406 564 629 637 consultabat.
680 564 722 635 ln
747 561 921 635 diversum
946 559 1246 633 distrahebantur²
1267 580 1370 635 smtes

252 681 322 757 τίω.
372 676 444 753 Alii
468 679 651 752 censebant
684 686 711 719 ‘⁴
724 681 803 775 jure
828 675 910 749 belli
938 676 1130 749 utendum:
1167 678 1292 751 Judzis
1318 676 1371 751 lore

251 804 283 845 ⁸⁶
307 794 572 884 contumaciam,
605 795 692 865 dum
720 808 824 865 staret
852 792 888 863 id
920 808 1212 865 monumentum:
1247 793 1310 867 huc
1331 818 1373 865 eos

256 920 285 959 “
308 910 462 1008 undique
477 927 648 983 tertarum
666 909 873 983 convenire:
900 908 976 981 solo
993 911 1067 1007 ejus
1083 908 1221 981 excidio
1237 908 1306 1005 paci
1319 909 1373 981 satit

256 1036 284 1091 ‘.‘
307 1025 480 1102 consuli.”
541 1026 631 1097 Aliis
662 1024 831 1121 placebat,
870 1022 1000 1095 “illud
1032 1023 1173 1119 quidem
1201 1024 1374 1112 servatii,

256 1153 284 1191 “
307 1140 512 1217 adeuntibus
552 1139 758 1239 legionibus,
795 1162 891 1211 mma
927 1139 1140 1234 deponerent
1179 1138 1311 1215 Iudai:
1342 1138 1376 1211 sin

257 1266 286 1305 “
308 1258 490 1345 bellarent,
515 1256 690 1329 exscindi:
712 1259 786 1355 jam
801 1256 894 1329 enim
919 1280 991 1328 non
1013 1256 1134 1329 sedern
1158 1255 1318 1343 numinis,
1336 1254 1376 1327 sed

257 1383 285 1421 ‘⁸
308 1374 392 1449 belli
403 1396 519 1445 arcem
531 1398 628 1447 ease:
654 1397 720 1447 nec
736 1396 842 1469 penes
859 1373 1052 1460 Romanos,
1068 1371 1129 1445 sed
1146 1396 1255 1467 penes
1269 1370 1377 1446 Judan

259 1490 355 1563 “ad
387 1489 461 1587 ejus
492 1489 706 1563 eversionem
739 1489 892 1576 duratos,
932 1486 1010 1561 fore
1042 1486 1259 1584 piaculum”
1306 1486 1376 1559 Titu

258 1622 380 1684 centn
395 1604 617 1692 adseveravit,
634 1611 660 1646 “
672 1603 802 1677 edamei
814 1604 1010 1677 resisterent
1025 1603 1045 1678 J
1047 1602 1150 1691 udaei,
1166 1628 1206 1692 se
1218 1626 1376 1699 numqum

259 1728 289 1765 “
312 1720 592 1809 commissurum,
608 1737 647 1793 ut
662 1718 700 1791 in
715 1742 839 1793 eorum
864 1718 1063 1815 pervicaciae
1084 1742 1228 1815 poenam
1244 1718 1378 1791 adversis

173 1858 177 1866 ·
260 1844 288 1907 ‘.‘
311 1836 483 1933 templum
506 1836 658 1911 saeriret:
684 1852 788 1909 tantae
818 1834 1081 1933 magnificentia:
1104 1860 1196 1932 opus
1225 1833 1312 1909 dirui
1331 1856 1378 1903 nor

259 1959 287 1997 ‘⁶
311 1976 412 2049 posse
426 1950 500 2023 sine
516 1950 635 2048 populi
653 1950 804 2025 Rotnani
819 1948 961 2049 injurii:
983 1951 1116 2049 grande
1133 1950 1237 2040 verb,
1253 1950 1379 2032 sisteret,

260 2076 287 2115 “
312 2064 390 2141 lore
412 2065 547 2162 imperii
570 2083 605 2140 et
629 2065 781 2139 victoriae
798 2069 1081 2141 ornamentum.”
1131 2067 1217 2140 Tito
1233 2068 1378 2141 adsensu

259 2185 406 2272 Fronto,
437 2181 641 2255 Alexander
668 2198 704 2254 et
738 2183 908 2273 Cerealis;
945 2183 1096 2289 datoque
1132 2182 1331 2283 legionbus,
1355 2192 1378 2249 ut

259 2296 576 2399 interquiescerent,
617 2297 739 2395 spatio,
782 2298 928 2373 delectae
965 2298 1140 2385 cohortes,
1181 2324 1265 2397 quae
1290 2290 1378 2390 templ

259 2412 418 2491 benedis
444 2414 720 2514 restinguerent,¹
762 2414 923 2515 viatuque
955 2430 1160 2503 sterneoent,
1203 2410 1274 2512 qui
1302 2405 1379 2486 facili

259 2530 454 2633 legionibus
464 2527 557 2606 foret
569 2531 692 2606 aditus.
812 2523 815 2528 ’

312 2773 372 2844 st.
399 2765 498 2839 Dnu
523 2765 654 2862 templo
679 2765 726 2838 ita
750 2765 946 2868 invigilabat
970 2765 1152 2840 clementia
1178 2752 1377 2846 Romaiu

261 2880 336 2980 ejus
359 2879 495 2952 ruinam
517 2880 708 2978 ptaecipites
727 2883 866 2957 Judaens
890 2881 960 2981 agit
985 2879 1112 2956 furor.⁴
1160 2883 1293 2980 Magno
1315 2869 1377 2946 enlm

259 2993 394 3092 impetu
410 3020 473 3093 per
490 2995 705 3071 Orientalem
730 3004 887 3096 portatn⁵
909 2998 1050 3098 egressi,
1074 2999 1112 3072 in
1137 2998 1322 3086 Romanos,
1340 2984 1377 3088 qui

261 3108 448 3211 intemplo
468 3111 641 3188 exteriore
664 3115 828 3190 excubias
853 3119 1014 3217 agebant,
1037 3114 1253 3212 inrumpunt.
1299 3113 1377 3210 lupe·

263 3243 340 3303 tum
372 3225 508 3303 fortiter
539 3229 731 3305 sustinuere
775 3228 953 3322 Romani,⁶
994 3228 1108 3306 densis
1147 3229 1329 3315 ordinibus,
1356 3234 1376 3294 tl

305 3472 492 3538 'Exercittit
506 3483 551 3540 sui
563 3482 689 3542 ducibus.
716 3483 815 3544 Acciti
905 3479 920 3510 ¹
941 3481 1194 3560 Durrahcpuatur.
1224 3479 1291 3538 Herc
1311 3469 1374 3530 omns

264 3557 357 3618 duces
380 3559 459 3617 fuere
482 3563 616 3620 Tiberius
640 3565 816 3634 Alexander,
866 3563 1018 3640 Josepbus,
1032 3560 1154 3621 loc-cil.

190 3646 194 3654 '
266 3640 358 3699 totius
382 3638 493 3699 militiae
519 3646 683 3718 praelectus,
711 3645 817 3702 Sextus
907 3640 918 3674 ³
952 3643 1091 3704 ⁴incendia
1117 3639 1322 3720 restinguerent.
1344 3629 1373 3688 Jt

266 3719 393 3779 Cerialis
418 3725 527 3796 quintu·
555 3723 673 3798 legionis
696 3724 815 3800 legatus,
866 3725 946 3802 seph.
967 3723 1037 3782 ibid.
1358 3787 1361 3794 ,

268 3800 387 3874 laccius
418 3801 545 3880 Lepidus
578 3805 707 3876 decimae,
733 3807 816 3862 Titus
906 3803 1016 3883 ⁴Agit
1030 3803 1133 3882 furor.
1167 3802 1239 3861 Haec
1264 3811 1327 3876 geste
1345 3787 1371 3874 ll

266 3881 352 3956 Frugi
387 3882 623 3956 quintaedecimae,
668 3887 816 3945 Alternius
867 3885 981 3945 deciens
991 3885 1094 3942 mensis
1103 3883 1167 3952 Loi,
1176 3901 1225 3941 seu
1236 3881 1369 3954 &Augwi

265 3959 288 4018 F
289 3973 372 4019 ronto
399 3963 523 4022 duarum
550 3963 816 4025 Alexandrinarum
867 3977 901 4026 ut
907 3975 992 4076 patet
1005 3985 1042 4022 es
1053 3963 1192 4042 Joscpho,
1205 3961 1271 4022 ibid.
1281 3979 1305 4016 n.
1315 3957 1337 4010 4-

265 4039 410 4118 legionum
438 4045 598 4121 praelectus,
632 4060 661 4104 et
694 4048 816 4106 Marcus
941 4043 1307 4122 fabricaremus».
1327 4031 1369 4090 Pu·

265 4121 409 4182 Antonius
420 4119 556 4184 lulianus
577 4139 751 4204 procurator
763 4128 781 4186 J
785 4146 818 4186 u·
867 4133 898 4184 ta
910 4127 972 4188 haec
987 4137 1094 4186 ceteras
1110 4115 1307 4202 magnificentie
1316 4125 1368 4186 suPi

264 4201 347 4260 daem:
364 4203 472 4264 tribuni
482 4225 599 4284 quoque
608 4218 638 4266 et
649 4207 700 4266 alii
713 4209 815 4268 acciti.
867 4209 959 4278 tubat,
983 4217 1017 4266 nt
1029 4205 1124 4264 videre
1141 4217 1186 4264 est
1204 4201 1274 4282 epud
1288 4185 1367 4269 Jotepl·

262 4282 380 4362 loseph.
406 4284 462 4344 loc.
485 4285 535 4344 cit.
557 4294 625 4347 nd.
659 4290 693 4347 ld
716 4300 816 4348 autern
868 4287 1197 4348 ssellJunmnns.

263 4374 363 4422 ectum
376 4365 423 4425 dic
433 4368 509 4428 nond
521 4369 624 4427 mensis
640 4367 703 4440 Loi,
718 4389 770 4430 seu
784 4377 815 4428 4.
907 4363 921 4394 ⁶
942 4365 1107 4427 Sustinuere
1118 4363 1243 4426 Βοηωί.
1254 4349 1364 4430 Jnreplll

262 4446 399 4522 Augusti.
868 4448 944 4509 Bell.
955 4448 1026 4510 lud.
1042 4465 1088 4508 vr.
1102 4453 1132 4506 4.
1145 4466 1175 4507 n.
1185 4452 1215 4506 4.
