2859 4950
212 302 275 367 616
521 302 723 365 NOTAEET
743 302 1077 367 nnnnnn‘nonns

133 430 138 443 ⁸
218 468 319 521 tumeo
341 478 400 543 pro
421 456 508 547 quod
530 458 690 546 scripsisse
714 460 815 549 quasi,
838 474 869 527 et
893 462 937 529 sic
960 460 1129 529 ostendisse
1138 459 1252 551 judicii
1265 462 1316 528 sni
1330 462 1376 529 ills

219 571 404 645 mcertis.
448 568 814 645 minoricensis.

266 794 357 861 Csr’.
372 804 426 863 45.
450 796 599 867 Clausum
614 800 721 863 annis.
765 800 844 865 MS.
859 800 961 867 Vatic.
976 808 1074 877 8499.
1096 800 1213 867 clusum
1229 804 1340 868 amis.

178 956 183 965 .
265 906 428 973 Albano-m
443 932 555 974 arcem.
600 908 649 975 [ιιι
664 908 768 974 MSS.
784 918 870 983 3499
884 924 914 976 et
928 920 1024 986 4498.
1070 910 1108 979 ln
1133 914 1276 998 margine
1305 914 1376 979 MS.

220 1014 323 1083 Vstio.
338 1028 435 1095 3499.
450 1022 597 1100 redditum,
618 1020 700 1086 alius
713 1023 805 1085 babet
820 1022 940 1087 uilium.
985 1016 1062 1087 Inde
1088 1024 1119 1087 in
1143 1026 1308 1089 veteribus
1322 1025 1379 1090 odi

219 1128 367 1210 tionibus,
391 1131 554 1197 Albanam
569 1154 670 1196 urcem
695 1131 814 1197 uillam.
860 1132 983 1198 Frustra
996 1134 1072 1218 ergb
1088 1132 1228 1199 Picbenn
1241 1137 1379 1215 tentarit,

216 1241 384 1307 Albanam
397 1266 498 1308 arcem
512 1242 599 1309 trullo
613 1243 776 1324 sententia,
795 1226 849 1319 dic.
896 1242 981 1309 Nem
995 1242 1124 1311 Tscitus
1137 1248 1178 1309 nb
1202 1243 1239 1310 i'u
1267 1246 1379 1311 delato-

220 1351 316 1433 ribus,
338 1354 473 1440 quitum
490 1354 614 1419 minime
629 1366 810 1434 nocuerant,
833 1354 1025 1441 progredimur
1047 1356 1087 1419 sd
1111 1355 1193 1437 illos,
1216 1357 1276 1444 qui
1300 1382 1379 1423 mnr-

221 1460 296 1531 ime.
341 1466 423 1531 Vide
439 1464 536 1531 Misc.
551 1466 632 1530 Obs.
650 1486 705 1529 rx.
720 1472 794 1537 873.

266 1574 345 1641 Jam
358 1588 424 1641 tum
439 1600 530 1642 reus·
560 1576 674 1642 Mallet
691 1574 880 1655 Gronovius,
903 1575 1076 1643 etiamtum
1090 1600 1169 1643 reus.

187 1698 192 1706 '
268 1686 335 1753 Nos
347 1688 492 1754 Maurici
506 1686 688 1775 Rusticique
708 1688 800 1753 visus.
846 1685 894 1751 Ita
910 1687 1012 1753 MSS.
1025 1689 1127 1755 Vstic.
1141 1689 1261 1756 etlibri
1278 1716 1378 1757 omnes

222 1798 307 1863 editi
351 1801 427 1864 At
420 1822 450 1863 ιιι
475 1798 613 1884 metgias
637 1798 714 1863 MS.
740 1798 841 1863 Vstio.
868 1806 964 1873 3499.
987 1800 1148 1885 scriptum,
1175 1801 1261 1869 alius
1282 1804 1379 1883 bsbet,

223 1932 279 1975 nos
294 1908 489 1976 Mauricium
504 1880 727 1999 iimtscscmqus
736 1910 908 1977 diuturnus
954 1909 1056 1991 Unde,
1079 1924 1114 1977 nt
1127 1936 1221 1998 supra
1244 1915 1280 1979 in
1303 1916 1379 1980 notis

223 2020 368 2101 diximus,
391 2023 611 2087 emendandum
626 2022 717 2087 nobis
732 2022 859 2103 videtur,
882 2044 936 2087 nos
957 2020 1141 2089 Mauricum
1156 2023 1380 2113 Rusticumqus

223 2132 394 2199 divisimus.
439 2132 631 2219 suffragatur
654 2132 796 2212 Ursinus,
829 2132 881 2220 qni
917 2132 960 2198 sit
986 2133 1029 2198 its
1051 2133 1145 2199 fuisse
1172 2136 1331 2221 scriptum
1353 2138 1380 2201 iu

224 2256 325 2309 vetere
348 2268 404 2311 suo
427 2244 544 2309 codice.
589 2242 681 2309 Male
704 2255 802 2307 tentat
825 2244 996 2323 Acidalius,
1027 2266 1083 2310 nos
1104 2241 1249 2312 Maurici
1274 2246 1379 2313 Rusti·

224 2354 312 2444 cipue
324 2356 456 2422 vidimus
471 2378 566 2421 casus.
609 2354 690 2419 Vide
705 2352 802 2419 Misc.
819 2354 900 2421 Obs.
916 2376 969 2420 ιιι.
992 2362 1067 2426 374.

270 2466 434 2535 Subtrasit
447 2466 557 2534 oculos.
601 2464 680 2532 MS.
696 2464 799 2532 vatic.
814 2475 911 2541 3499.
933 2465 1034 2532 oculos
1047 2489 1125 2532 mos.

272 2578 344 2650 Quo
353 2603 384 2645 se
398 2590 504 2644 contro
513 2577 676 2664 pudorem.
722 2574 810 2642 Bene
825 2577 950 2662 Lipsius
969 2592 1001 2643 et
1016 2578 1174 2645 Ernestus.
1219 2578 1260 2645 In
1273 2579 1380 2646 veteri·

223 2693 282 2757 bus
295 2691 491 2768 editionibus,
512 2689 533 2755 ὰ
547 2713 617 2778 quo.
989 2703 991 2708 '

272 2801 429 2890 Filioque.
475 2801 562 2866 Beni
578 2801 745 2864 Rhenanus
760 2810 792 2864 et
806 2799 999 2866 recentiores.
1043 2800 1151 2872 Quare
1175 2801 1242 2888 ejus
1262 2801 1380 2867 deiero·

226 2913 295 2992 rint,
318 2935 381 2978 non
396 2912 495 2976 video.
540 2911 599 2976 Est
622 2911 704 2975 enim
718 2932 830 2975 ¹sermo
855 2911 893 2975 de
916 2911 983 2975 filis
997 2910 1166 2996 Agricolae,
1187 2911 1293 2978 Taciti
1310 2937 1379 2979 con·

217 3027 307 3116 juge.
351 3023 388 3090 In
403 3021 556 3088 veteribus
571 3020 768 3101 editionibus,
779 3021 914 3110 filioque
933 3025 1007 3112 ejus.
1052 3021 1129 3088 MS.
1156 3021 1260 3087 Vstic.
1284 3033 1377 3098 3499.

214 3137 357 3227 filiaque
370 3137 444 3224 ejus.
489 3133 627 3200 Picbenn
642 3157 700 3218 pro
714 3135 779 3220 gp'us
790 3133 893 3198 scribit
908 3145 973 3200 tuo.
1018 3135 1064 3200 At
1079 3155 1180 3198 sermo
1195 3148 1244 3199 est
1260 3138 1308 3206 nd
1322 3137 1377 3202 iec-

226 3262 336 3315 torem.
381 3245 573 3314 VideMisc.
585 3245 666 3310 Obs.
683 3267 735 3308 rx.
757 3253 833 3316 374.

218 3357 454 3464 ·X.Camplecu
498 3357 575 3422 MS.
591 3357 693 3420 Vatic.
710 3363 807 3428 8499.
830 3353 1053 3443 complexuque.

272 3468 500 3557 Excepisscmus
514 3465 602 3533 certi.
646 3465 735 3532 Beni
751 3465 890 3532 Picheun
904 3479 936 3530 et
950 3463 1144 3531 recentiores.
1175 3465 1215 3533 In
1227 3469 1372 3534 veteribus

227 3582 422 3662 editionibus,
444 3582 629 3665 accepissem.
1105 3583 1109 3596 ²

274 3691 398 3780 Optime
407 3701 584 3779 parcentum.
628 3687 679 3755 Itn
690 3687 786 3754 editio
801 3687 943 3776 princeps
963 3699 995 3753 et
1010 3689 1206 3758 recentiores.
1252 3691 1373 3758 Beroal-

228 3792 296 3884 dus,
319 3816 370 3890 opt
358 3801 446 3869 ιίιιιᾶ.

276 3913 468 4000 Compositus
488 3935 544 3990 es.
574 3909 677 3977 MSS.
703 3909 806 3976 Votie.
829 3919 915 3986 3499
945 3923 977 3976 et
999 3919 1096 3984 4498.
1119 3909 1412 4000 comploratus
1341 3937 1372 3979 a.

230 4024 297 4094 At
288 4048 319 4090 ιιι
334 4024 470 4108 margine
487 4023 564 4089 MS.
579 4021 681 4088 vatic.
696 4029 794 4095 8499.
810 4023 989 4110 compositus
1004 4043 1042 4088 es.
1066 4024 1119 4090 Sic
1131 4047 1256 4112 quoque
1268 4027 1372 4090 babent

173 4130 177 4143 ⁸
230 4137 301 4206 libri
314 4157 421 4205 omues
434 4133 517 4199 editi.
591 4135 595 4144 '

228 4377 234 4384 ·
276 4347 432 4414 Csr.46.
458 4343 592 4434 Nosque,
616 4346 738 4412 ἆοιιιιιιιι
761 4355 858 4416 tuom.
904 4344 991 4411 nent
1015 4355 1133 4411 veteres
1151 4359 1186 4412 ot
1199 4347 1368 4415 recentiores

232 4457 392 4526 editiones.
435 4456 630 4546 copulaque
643 4458 676 4526 in
688 4457 798 4527 mediis
812 4454 995 4548 quibusdam
1008 4456 1131 4524 omissa.
