2859 4950
295 314 354 375 AD
374 308 510 374 VITAM
530 310 598 373 CN.
617 307 701 372 JUL.
721 310 954 375 AGRICOLAE.
978 348 990 365 ·
1147 322 1211 391 598

23 462 230 547 Vandicca3
254 466 331 533 MS.
346 468 448 533 Varie.
463 473 558 540 4498.
578 464 610 531 V
606 466 736 531 aadaca.
782 464 916 533 Librarii
934 477 1037 533 autem
1051 469 1200 557 scripsere

23 577 56 641 V
66 602 134 664 pro
156 576 207 659 B,
223 593 273 657 ut
287 602 368 665 supe
382 580 412 643 in
427 580 484 643 hoc
499 578 589 656 libro,
616 575 648 639 V
644 576 754 640 alanus
769 600 827 661 pro
845 577 996 645 Bolanus.

65 687 197 754 Omisit
226 690 290 755 ira.
336 690 422 755 Beni
441 690 603 755 Rhenanus
618 701 650 752 et
664 688 856 754 recentiores.
901 688 939 754 ln
961 692 1112 758 veteribus
1136 696 1202 763 edi·

20 800 185 879 tionibus,
214 801 332 866 amisit.

68 910 145 997 Cog
123 913 225 977 unito
238 913 407 998 prouincia
421 921 514 976 mata.
560 910 607 975 lta
621 909 699 975 MS
716 909 818 976 Vetic.
834 922 930 986 3429.
954 927 985 977 et
1001 913 1200 986 Puteolanus.

22 1021 78 1087 Sic
108 1045 252 1109 quoque
279 1023 421 1108 placebat
445 1022 495 1087 Cl.
522 1020 664 1087 Ernesto.
710 1022 817 1086 Νοιι
810 1040 850 1088 rta
874 1026 952 1089 bend
976 1025 1146 1094 Beroaldus
1169 1042 1201 1096 et

23 1134 244 1213 recentiores
265 1158 299 1199 ea
316 1135 436 1223 cognito
447 1135 616 1221 provincia
631 1144 727 1198 asota.

73 1243 233 1331 Propius
247 1246 345 1334 ealeg
346 1257 409 1311 ato.
455 1245 543 1309 Bene
558 1256 673 1309 veteres
686 1255 719 1308 et
732 1244 913 1312 recentiores
926 1248 1085 1315 editiones.
1109 1251 1202 1320 Male

29 1356 226 1437 RhenanuS,
248 1360 403 1444 proprias.

74 1467 148 1533 Hic
186 1468 262 1533 crim
298 1492 387 1557 egreg
389 1468 444 1532 ias.
489 1466 620 1551 Optime
659 1465 856 1532 Puteolanus.
903 1468 1059 1555 Corrupte
1097 1471 1202 1541 MSS

32 1580 137 1647 Vatic.
163 1604 367 1670 nequaqnam
389 1582 546 1671 egregira3
576 1594 698 1646 etcum
728 1582 883 1665 superiore
912 1586 1016 1663 verbo,
1047 1585 1203 1671 agitabat,

34 1696 253 1781 conjungunt.

77 1804 208 1869 Missas
230 1802 414 1869 Petronius.
450 1802 536 1868 Bene
561 1803 731 1868 Beroaldus
745 1816 777 1869 et
791 1803 983 1869 recentiores.
1006 1755 1085 1871 MS.
1099 1806 1202 1931 Vatic.

38 1926 135 1989 3489.
161 1932 196 1979 et
217 1916 417 1993 Puteolanus,
439 1916 545 1981 missas
559 1916 667 2003 igitur.

84 2028 131 2091 Er
145 2027 273 2092 delictis
299 2026 426 2091 hostiam
444 2050 549 2091 nouus.
594 2026 670 2091 MS.
694 2026 795 2092 Varie.
819 2036 916 2102 4498.
941 2029 1068 2095 nauis·
1085 2028 1205 2096 Melius

41 2136 119 2201 MS.
136 2138 248 2202 Vatic.
264 2147 360 2209 3489.
383 2151 413 2200 et
429 2136 499 2201 libri
513 2137 597 2215 editi,
619 2160 723 2202 rrovas.
769 2137 859 2203 Male
874 2152 973 2204 tentat
987 2140 1134 2222 Pichena‚
1144 2127 1206 2228 ¹qai

44 2246 178 2313 delictis.
230 2248 349 2313 Melihs
367 2250 526 2326 Erneetus,
550 2250 574 2312 is
589 2248 720 2312 delictis.
763 2249 807 2314 At
821 2250 895 2314 nihil
911 2252 1103 2337 mutandum.

85 2358 201 2424 Nullis
214 2370 385 2424 castrorum
399 2360 616 2445 asperimontis.
636 2358 685 2423 Ita
695 2358 797 2424 MSS.
808 2360 909 2425 Vatic.
924 2363 1071 2428 editiones
1087 2375 1204 2429 veteres

45 2486 75 2538 et
89 2470 291 2536 recentiores.
316 2469 484 2556 Perpersm
500 2470 529 2534 in
544 2468 775 2551 Grorroviorum
788 2470 982 2553 editionibus,
1003 2471 1117 2551 nullas.

15 2647 16 2656 ,
87 2583 265 2648 Indeserta
279 2593 372 2669 atque
386 2581 520 2647 homilis.
565 2581 641 2646 MS.
656 2582 758 2646 Vatic.
782 2590 878 2657 3429.
903 2583 1062 2649 indecoris.
1107 2586 1205 2657 Quod

47 2695 201 2760 monitum
218 2693 313 2774 volui,
335 2717 372 2758 nc
387 2694 461 2780 quid
475 2692 659 2778 antiquitatis
675 2693 781 2777 fugiat.
825 2694 910 2758 Naar
927 2695 1050 2760 Nonius
1066 2695 1205 2761 Marcel·

46 2806 105 2885 lus,
126 2829 201 2892 cap.
215 2815 247 2872 8.
270 2805 372 2871 laudat
386 2830 424 2871 ex
440 2805 549 2883 Accio,
564 2803 594 2867 in
609 2803 806 2882 Athamante,
839 2811 861 2843 “
871 2807 960 2892 cujus
984 2806 1023 2870 ait
1046 2806 1106 2872 vita
1121 2807 1205 2872 inde·

49 2918 137 2998 coris,
162 2932 298 2982 mortem
314 2919 417 3002 fugere
444 2929 565 3001 turpem
590 2913 761 2981 convenit.”
795 2915 887 2981 Dixit
910 2939 1035 3005 quoque
1057 2917 1204 3003 Virgilius

53 3029 266 3095 AEueid.x11.
289 3039 341 3096 25.

435 3257 456 3286 “
470 3250 534 3312 Nee
546 3269 634 3330 genus
647 3247 819 3310 indecores?

97 3462 190 3528 Cra.
217 3469 267 3532 17.
292 3433 491 3549 Briguntnhr.
536 3461 613 3526 MS.
639 3460 739 3526 Vatic.
763 3467 860 3533 8429.
883 3458 1091 3548 Brcgantran.
1127 3457 1205 3525 MS.

56 3571 155 3640 Vatic.
170 3581 268 3646 4498.
293 3573 511 3660 ‚Bregaatinn
1096 3617 1099 3620 <

101 3685 281 3772 Amplesus,
303 3695 359 3749 arat
384 3683 475 3750 ballo.
520 3684 595 3749 MS.
620 3682 722 3764 llatic.
747 3691 842 3756 8499.
886 3679 1041 3770 amplexae
1063 3689 1119 3759 cat,
1150 3689 1208 3745 aut

63 3794 149 3861 hello.

104 3907 151 3972 Et
165 3907 384 3974 adrnCerialis
397 3906 528 3994 puidam.
574 3906 653 3974 Crini
668 3909 754 3972 abest
778 3903 797 3969 d
818 3905 895 3972 MS.
909 3901 1012 3968 Vstic.
1036 3911 1133 3977 8429.
1156 3899 1208 3967 Cl.

63 4017 192 4084 Ernesto
207 4020 357 4106 displicet,
372 4020 515 4107 quidem:
537 4019 643 4084 mallet
657 4019 797 4106 csp'asnis,
820 4030 873 4082 aut
888 4017 1041 4104 cujusque,
1056 4015 1114 4080 nisi
1127 4014 1209 4079 alter

64 4151 207 4196 successor
218 4131 351 4196 diversus
366 4129 385 4194 d
399 4130 486 4196 Julio
502 4131 528 4196 F
530 4131 650 4196 rontino
665 4133 764 4197 fuerit.
811 4123 862 4194 Cl.
885 4126 1067 4206 'l'illemont,
1096 4133 1116 4165 “
1131 4125 1209 4190 His·

67 4240 141 4307 toire
169 4243 221 4308 des
246 4243 462 4329 Empereurs,’'
485 4241 558 4308 Vol.
578 4265 617 4308 ιι.
641 4265 673 4328 p.
699 4250 752 4309 82.
779 4239 933 4306 existimat
960 4239 1055 4305 laissa
1077 4236 1207 4304 alterurn
