<?xml version="1.0" encoding="UTF-8"?>
<!DOCTYPE html PUBLIC "-//W3C//DTD XHTML 1.0 Transitional//EN"
    "http://www.w3.org/TR/xhtml1/DTD/xhtml1-transitional.dtd">
<html xmlns="http://www.w3.org/1999/xhtml" xml:lang="en" lang="en">
 <head>
  <title>
</title>
<meta http-equiv="Content-Type" content="text/html;charset=utf-8" />
  <meta name='ocr-system' content='tesseract 3.04.00' />
  <meta name='ocr-capabilities' content='ocr_page ocr_carea ocr_par ocr_line ocrx_word'/>
</head>
<body>
  <div class='ocr_page' id='page_1' title='image "./ccorntacitioper01valpgoog_0166.png"; bbox 0 0 2859 4950; ppageno 0'>
   <div class='ocr_carea' id='block_1_1' title="bbox 224 254 1014 323">
    <p class='ocr_par' dir='ltr' id='par_1_1' title="bbox 224 254 1014 323">
     <span class='ocr_line' id='line_1_1' title="bbox 224 254 1014 323; baseline 0.005 -4"><span class='ocrx_word' id='word_1_1' title='bbox 224 266 280 321; x_wconf 76' lang='lat'><strong>154</strong></span> <span class='ocrx_word' id='word_1_2' title='bbox 596 258 632 319; x_wconf 86' lang='lat' dir='ltr'><strong>C.</strong></span> <span class='ocrx_word' id='word_1_3' title='bbox 652 254 852 318; x_wconf 81' lang='lat' dir='ltr'>CORNELII</span> <span class='ocrx_word' id='word_1_4' title='bbox 875 254 1014 323; x_wconf 80' lang='lat' dir='ltr'><strong>TAClTl</strong></span> 
     </span>
    </p>
   </div>
   <div class='ocr_carea' id='block_1_2' title="bbox 220 409 1379 2012">
    <p class='ocr_par' dir='ltr' id='par_1_2' title="bbox 220 409 1379 2012">
     <span class='ocr_line' id='line_1_2' title="bbox 220 409 1368 513; baseline -0.003 -24"><span class='ocrx_word' id='word_1_5' title='bbox 220 418 294 491; x_wconf 89' lang='lat' dir='ltr'><strong>ium</strong></span> <span class='ocrx_word' id='word_1_6' title='bbox 322 414 365 491; x_wconf 88' lang='lat' dir='ltr'><strong>sit</strong></span> <span class='ocrx_word' id='word_1_7' title='bbox 396 414 573 489; x_wconf 87' lang='lat' dir='ltr'>offendere</span> <span class='ocrx_word' id='word_1_8' title='bbox 601 418 822 513; x_wconf 73' lang='lat' dir='ltr'><strong>&#39;poetarum</strong></span> <span class='ocrx_word' id='word_1_9' title='bbox 860 412 966 510; x_wconf 74' lang='lat' dir='ltr'><strong>quim</strong></span> <span class='ocrx_word' id='word_1_10' title='bbox 1000 426 1177 484; x_wconf 88' lang='lat' dir='ltr'><strong>oratorum</strong></span> <span class='ocrx_word' id='word_1_11' title='bbox 1208 409 1368 485; x_wconf 85' lang='lat' dir='ltr'><strong>studium.</strong></span> 
     </span>
     <span class='ocr_line' id='line_1_3' title="bbox 221 528 1369 625; baseline -0.006 -20"><span class='ocrx_word' id='word_1_12' title='bbox 221 532 422 605; x_wconf 87' lang='lat' dir='ltr'><strong>Effervescit</strong></span> <span class='ocrx_word' id='word_1_13' title='bbox 455 530 547 605; x_wconf 91' lang='lat' dir='ltr'><strong>enim</strong></span> <span class='ocrx_word' id='word_1_14' title='bbox 575 530 625 603; x_wconf 85' lang='lat' dir='ltr'><strong>vis</strong></span> <span class='ocrx_word' id='word_1_15' title='bbox 654 528 897 625; x_wconf 75' lang='lat' dir='ltr'><strong>pulcherrimae</strong></span> <span class='ocrx_word' id='word_1_16' title='bbox 925 542 1057 600; x_wconf 83' lang='lat' dir='ltr'><strong>naturae</strong></span> <span class='ocrx_word' id='word_1_17' title='bbox 1090 544 1171 616; x_wconf 75' lang='lat' dir='ltr'><strong>tua,</strong></span> <span class='ocrx_word' id='word_1_18' title='bbox 1211 550 1279 600; x_wconf 91' lang='lat' dir='ltr'><strong>nec</strong></span> <span class='ocrx_word' id='word_1_19' title='bbox 1311 553 1369 623; x_wconf 90' lang='lat' dir='ltr'><strong>pro</strong></span> 
     </span>
     <span class='ocr_line' id='line_1_4' title="bbox 222 632 1372 745; baseline -0.007 -24"><span class='ocrx_word' id='word_1_20' title='bbox 222 648 334 721; x_wconf 85' lang='lat' dir='ltr'><strong>amico</strong></span> <span class='ocrx_word' id='word_1_21' title='bbox 351 632 479 745; x_wconf 73' lang='lat' dir='ltr'><strong>alique,</strong></span> <span class='ocrx_word' id='word_1_22' title='bbox 504 646 564 718; x_wconf 88' lang='lat' dir='ltr'><strong>sed</strong></span> <span class='ocrx_word' id='word_1_23' title='bbox 581 646 675 742; x_wconf 92' lang='lat' dir='ltr'><strong>quod</strong></span> <span class='ocrx_word' id='word_1_24' title='bbox 692 643 915 740; x_wconf 89' lang='lat' dir='ltr'><strong>periculosius</strong></span> <span class='ocrx_word' id='word_1_25' title='bbox 927 659 991 732; x_wconf 87' lang='lat' dir='ltr'><strong>est,</strong></span> <span class='ocrx_word' id='word_1_26' title='bbox 1016 668 1079 739; x_wconf 91' lang='lat' dir='ltr'><strong>pro</strong></span> <span class='ocrx_word' id='word_1_27' title='bbox 1095 644 1256 716; x_wconf 83' lang='lat' dir='ltr'><strong>Catone²</strong></span> <span class='ocrx_word' id='word_1_28' title='bbox 1273 642 1372 713; x_wconf 89' lang='lat' dir='ltr'><strong>offen-</strong></span> 
     </span>
     <span class='ocr_line' id='line_1_5' title="bbox 223 758 1371 847; baseline -0.007 -12"><span class='ocrx_word' id='word_1_29' title='bbox 223 763 297 835; x_wconf 91' lang='lat' dir='ltr'><strong>dis:</strong></span> <span class='ocrx_word' id='word_1_30' title='bbox 336 788 399 835; x_wconf 89' lang='lat' dir='ltr'><strong>nec</strong></span> <span class='ocrx_word' id='word_1_31' title='bbox 429 778 612 835; x_wconf 86' lang='lat' dir='ltr'><strong>excusatur</strong></span> <span class='ocrx_word' id='word_1_32' title='bbox 641 760 773 833; x_wconf 88' lang='lat' dir='ltr'><strong>offensa</strong></span> <span class='ocrx_word' id='word_1_33' title='bbox 797 758 1045 833; x_wconf 82' lang='lat' dir='ltr'><strong>necessitudine</strong></span> <span class='ocrx_word' id='word_1_34' title='bbox 1073 758 1186 847; x_wconf 86' lang='lat' dir='ltr'><strong>officii,</strong></span> <span class='ocrx_word' id='word_1_35' title='bbox 1224 774 1288 831; x_wconf 89' lang='lat' dir='ltr'><strong>aut</strong></span> <span class='ocrx_word' id='word_1_36' title='bbox 1309 758 1371 828; x_wconf 88' lang='lat' dir='ltr'><strong>lide</strong></span> 
     </span>
     <span class='ocr_line' id='line_1_6' title="bbox 225 870 1374 971; baseline -0.008 -18"><span class='ocrx_word' id='word_1_37' title='bbox 225 878 466 967; x_wconf 83' lang='lat' dir='ltr'><strong>advocationis,</strong></span> <span class='ocrx_word' id='word_1_38' title='bbox 488 895 547 949; x_wconf 87' lang='lat' dir='ltr'><strong>aut</strong></span> <span class='ocrx_word' id='word_1_39' title='bbox 564 874 714 951; x_wconf 83' lang='lat' dir='ltr'><strong>fortuitae</strong></span> <span class='ocrx_word' id='word_1_40' title='bbox 731 893 766 947; x_wconf 92' lang='lat' dir='ltr'><strong>et</strong></span> <span class='ocrx_word' id='word_1_41' title='bbox 781 875 903 947; x_wconf 82' lang='lat' dir='ltr'><strong>subitae</strong></span> <span class='ocrx_word' id='word_1_42' title='bbox 919 874 1074 948; x_wconf 89' lang='lat' dir='ltr'><strong>dictionis</strong></span> <span class='ocrx_word' id='word_1_43' title='bbox 1089 874 1247 971; x_wconf 87' lang='lat' dir='ltr'><strong>impetu:</strong></span> <span class='ocrx_word' id='word_1_44' title='bbox 1275 870 1374 945; x_wconf 90' lang='lat' dir='ltr'><strong>medi·</strong></span> 
     </span>
     <span class='ocr_line' id='line_1_7' title="bbox 226 988 1375 1101; baseline -0.009 -34"><span class='ocrx_word' id='word_1_45' title='bbox 226 1010 316 1067; x_wconf 86' lang='lat' dir='ltr'><strong>tatus</strong></span> <span class='ocrx_word' id='word_1_46' title='bbox 338 993 461 1067; x_wconf 84' lang='lat' dir='ltr'><strong>videris</strong></span> <span class='ocrx_word' id='word_1_47' title='bbox 487 992 628 1089; x_wconf 85' lang='lat' dir='ltr'><strong>elegisse</strong></span> <span class='ocrx_word' id='word_1_48' title='bbox 654 1016 837 1089; x_wconf 87' lang='lat' dir='ltr'><strong>personam</strong></span> <span class='ocrx_word' id='word_1_49' title='bbox 858 991 1057 1101; x_wconf 73' lang='lat' dir='ltr'><strong>notabilem,</strong></span> <span class='ocrx_word' id='word_1_50' title='bbox 1082 1007 1217 1063; x_wconf 90' lang='lat' dir='ltr'><strong>etcum</strong></span> <span class='ocrx_word' id='word_1_51' title='bbox 1234 988 1375 1062; x_wconf 85' lang='lat' dir='ltr'><strong>auctori·</strong></span> 
     </span>
     <span class='ocr_line' id='line_1_8' title="bbox 228 1104 1374 1204; baseline -0.005 -21"><span class='ocrx_word' id='word_1_52' title='bbox 228 1127 296 1183; x_wconf 89' lang='lat' dir='ltr'><strong>tate</strong></span> <span class='ocrx_word' id='word_1_53' title='bbox 310 1110 490 1181; x_wconf 86' lang='lat' dir='ltr'><strong>dicturam.</strong></span> <span class='ocrx_word' id='word_1_54' title='bbox 530 1108 647 1181; x_wconf 82' lang='lat' dir='ltr'><strong>Sentio</strong></span> <span class='ocrx_word' id='word_1_55' title='bbox 661 1107 744 1204; x_wconf 93' lang='lat' dir='ltr'><strong>quid</strong></span> <span class='ocrx_word' id='word_1_56' title='bbox 757 1107 956 1203; x_wconf 85' lang='lat' dir='ltr'><strong>responderi</strong></span> <span class='ocrx_word' id='word_1_57' title='bbox 969 1105 1091 1203; x_wconf 82' lang='lat' dir='ltr'><strong>possit:</strong></span> <span class='ocrx_word' id='word_1_58' title='bbox 1111 1104 1190 1178; x_wconf 89' lang='lat' dir='ltr'><strong>hinc</strong></span> <span class='ocrx_word' id='word_1_59' title='bbox 1204 1106 1374 1204; x_wconf 75' lang='lat' dir='ltr'><strong>ingentes³</strong></span> 
     </span>
     <span class='ocr_line' id='line_1_9' title="bbox 228 1219 1375 1319; baseline -0.008 -20"><span class='ocrx_word' id='word_1_60' title='bbox 228 1252 275 1300; x_wconf 83' lang='lat' dir='ltr'><strong>ex</strong></span> <span class='ocrx_word' id='word_1_61' title='bbox 297 1224 350 1297; x_wconf 90' lang='lat' dir='ltr'><strong>bis</strong></span> <span class='ocrx_word' id='word_1_62' title='bbox 374 1248 542 1312; x_wconf 88' lang='lat' dir='ltr'><strong>assensus,</strong></span> <span class='ocrx_word' id='word_1_63' title='bbox 569 1222 649 1295; x_wconf 89' lang='lat' dir='ltr'><strong>hinc</strong></span> <span class='ocrx_word' id='word_1_64' title='bbox 673 1223 709 1293; x_wconf 92' lang='lat' dir='ltr'><strong>in</strong></span> <span class='ocrx_word' id='word_1_65' title='bbox 733 1222 814 1319; x_wconf 88' lang='lat' dir='ltr'><strong>ipsis</strong></span> <span class='ocrx_word' id='word_1_66' title='bbox 837 1221 1011 1299; x_wconf 85' lang='lat' dir='ltr'><strong>auditoriis</strong></span> <span class='ocrx_word' id='word_1_67' title='bbox 1035 1220 1209 1318; x_wconf 72' lang='lat' dir='ltr'><strong>praecipue</strong></span> <span class='ocrx_word' id='word_1_68' title='bbox 1237 1219 1375 1305; x_wconf 87' lang='lat' dir='ltr'><strong>laudari,</strong></span> 
     </span>
     <span class='ocr_line' id='line_1_10' title="bbox 230 1334 1377 1435; baseline -0.01 -19"><span class='ocrx_word' id='word_1_69' title='bbox 230 1358 265 1416; x_wconf 92' lang='lat' dir='ltr'><strong>et</strong></span> <span class='ocrx_word' id='word_1_70' title='bbox 289 1364 374 1413; x_wconf 88' lang='lat' dir='ltr'><strong>mox</strong></span> <span class='ocrx_word' id='word_1_71' title='bbox 397 1338 553 1411; x_wconf 91' lang='lat' dir='ltr'><strong>omniurn</strong></span> <span class='ocrx_word' id='word_1_72' title='bbox 578 1337 793 1413; x_wconf 86' lang='lat' dir='ltr'><strong>sermonibus</strong></span> <span class='ocrx_word' id='word_1_73' title='bbox 818 1334 910 1410; x_wconf 86' lang='lat' dir='ltr'><strong>feni.</strong></span> <span class='ocrx_word' id='word_1_74' title='bbox 961 1338 1064 1409; x_wconf 88' lang='lat' dir='ltr'><strong>Tolle</strong></span> <span class='ocrx_word' id='word_1_75' title='bbox 1080 1337 1185 1435; x_wconf 90' lang='lat' dir='ltr'><strong>igitur</strong></span> <span class='ocrx_word' id='word_1_76' title='bbox 1206 1334 1334 1433; x_wconf 87' lang='lat' dir='ltr'><strong>quietis</strong></span> <span class='ocrx_word' id='word_1_77' title='bbox 1348 1352 1377 1405; x_wconf 90' lang='lat' dir='ltr'><strong>et</strong></span> 
     </span>
     <span class='ocr_line' id='line_1_11' title="bbox 231 1452 1378 1545; baseline -0.007 -16"><span class='ocrx_word' id='word_1_78' title='bbox 231 1455 418 1531; x_wconf 85' lang='lat' dir='ltr'><strong>securitatis</strong></span> <span class='ocrx_word' id='word_1_79' title='bbox 435 1455 704 1544; x_wconf 87' lang='lat' dir='ltr'><strong>excusationem,</strong></span> <span class='ocrx_word' id='word_1_80' title='bbox 721 1454 807 1526; x_wconf 78' lang='lat' dir='ltr'><strong>crim</strong></span> <span class='ocrx_word' id='word_1_81' title='bbox 823 1452 883 1525; x_wconf 91' lang='lat' dir='ltr'><strong>tibi</strong></span> <span class='ocrx_word' id='word_1_82' title='bbox 900 1478 1015 1526; x_wconf 88' lang='lat' dir='ltr'><strong>sumas</strong></span> <span class='ocrx_word' id='word_1_83' title='bbox 1031 1452 1269 1525; x_wconf 84' lang='lat' dir='ltr'><strong>adversarium</strong></span> <span class='ocrx_word' id='word_1_84' title='bbox 1286 1475 1378 1545; x_wconf 88' lang='lat' dir='ltr'><strong>supe-</strong></span> 
     </span>
     <span class='ocr_line' id='line_1_12' title="bbox 232 1564 1379 1666; baseline -0.01 -19"><span class='ocrx_word' id='word_1_85' title='bbox 232 1572 376 1647; x_wconf 86' lang='lat' dir='ltr'><strong>riorem:</strong></span> <span class='ocrx_word' id='word_1_86' title='bbox 389 1574 403 1617; x_wconf 82' lang='lat'><strong>⁴</strong></span> <span class='ocrx_word' id='word_1_87' title='bbox 418 1572 517 1644; x_wconf 88' lang='lat' dir='ltr'><strong>nobis</strong></span> <span class='ocrx_word' id='word_1_88' title='bbox 534 1572 611 1643; x_wconf 88' lang='lat' dir='ltr'><strong>satis</strong></span> <span class='ocrx_word' id='word_1_89' title='bbox 624 1572 665 1643; x_wconf 91' lang='lat' dir='ltr'><strong>sit</strong></span> <span class='ocrx_word' id='word_1_90' title='bbox 681 1570 827 1666; x_wconf 88' lang='lat' dir='ltr'><strong>privatas</strong></span> <span class='ocrx_word' id='word_1_91' title='bbox 843 1587 878 1643; x_wconf 92' lang='lat' dir='ltr'><strong>et</strong></span> <span class='ocrx_word' id='word_1_92' title='bbox 893 1570 1002 1643; x_wconf 85' lang='lat' dir='ltr'><strong>nostri</strong></span> <span class='ocrx_word' id='word_1_93' title='bbox 1016 1568 1122 1643; x_wconf 89' lang='lat' dir='ltr'><strong>seculi</strong></span> <span class='ocrx_word' id='word_1_94' title='bbox 1134 1564 1379 1641; x_wconf 84' lang='lat' dir='ltr'><strong>controversias</strong></span> 
     </span>
     <span class='ocr_line' id='line_1_13' title="bbox 232 1677 1379 1784; baseline -0.012 -21"><span class='ocrx_word' id='word_1_95' title='bbox 232 1687 333 1777; x_wconf 87' lang='lat' dir='ltr'><strong>tueri,</strong></span> <span class='ocrx_word' id='word_1_96' title='bbox 358 1687 394 1761; x_wconf 91' lang='lat' dir='ltr'><strong>in</strong></span> <span class='ocrx_word' id='word_1_97' title='bbox 411 1686 536 1784; x_wconf 89' lang='lat' dir='ltr'><strong>quibus</strong></span> <span class='ocrx_word' id='word_1_98' title='bbox 552 1688 721 1783; x_wconf 85' lang='lat' dir='ltr'><strong>expressis</strong></span> <span class='ocrx_word' id='word_1_99' title='bbox 744 1688 772 1760; x_wconf 91' lang='lat' dir='ltr'><strong>si</strong></span> <span class='ocrx_word' id='word_1_100' title='bbox 789 1686 930 1784; x_wconf 73' lang='lat' dir='ltr'><strong>quando</strong></span> <span class='ocrx_word' id='word_1_101' title='bbox 947 1710 1085 1758; x_wconf 88' lang='lat' dir='ltr'><strong>necesse</strong></span> <span class='ocrx_word' id='word_1_102' title='bbox 1100 1684 1142 1756; x_wconf 90' lang='lat' dir='ltr'><strong>sit</strong></span> <span class='ocrx_word' id='word_1_103' title='bbox 1165 1709 1233 1781; x_wconf 91' lang='lat' dir='ltr'><strong>pro</strong></span> <span class='ocrx_word' id='word_1_104' title='bbox 1252 1677 1379 1779; x_wconf 88' lang='lat' dir='ltr'><strong>pericli-</strong></span> 
     </span>
     <span class='ocr_line' id='line_1_14' title="bbox 233 1793 1379 1898; baseline -0.009 -23"><span class='ocrx_word' id='word_1_105' title='bbox 233 1820 326 1875; x_wconf 84' lang='lat' dir='ltr'><strong>tante</strong></span> <span class='ocrx_word' id='word_1_106' title='bbox 351 1802 462 1875; x_wconf 89' lang='lat' dir='ltr'><strong>amico</strong></span> <span class='ocrx_word' id='word_1_107' title='bbox 492 1803 724 1898; x_wconf 87' lang='lat' dir='ltr'><strong>potentiorum</strong></span> <span class='ocrx_word' id='word_1_108' title='bbox 752 1827 853 1875; x_wconf 88' lang='lat' dir='ltr'><strong>aures</strong></span> <span class='ocrx_word' id='word_1_109' title='bbox 880 1800 1070 1893; x_wconf 90' lang='lat' dir='ltr'><strong>offendere,</strong></span> <span class='ocrx_word' id='word_1_110' title='bbox 1103 1817 1137 1873; x_wconf 91' lang='lat' dir='ltr'><strong>et</strong></span> <span class='ocrx_word' id='word_1_111' title='bbox 1165 1800 1315 1897; x_wconf 81' lang='lat' dir='ltr'><strong>probata</strong></span> <span class='ocrx_word' id='word_1_112' title='bbox 1344 1793 1379 1865; x_wconf 82' lang='lat' dir='ltr'><strong>sit</strong></span> 
     </span>
     <span class='ocr_line' id='line_1_15' title="bbox 234 1899 1150 2012; baseline -0.002 -17"><span class='ocrx_word' id='word_1_113' title='bbox 234 1920 334 2012; x_wconf 81' lang='lat' dir='ltr'><strong>fides,</strong></span> <span class='ocrx_word' id='word_1_114' title='bbox 350 1935 384 1991; x_wconf 92' lang='lat' dir='ltr'><strong>et</strong></span> <span class='ocrx_word' id='word_1_115' title='bbox 401 1918 537 1991; x_wconf 87' lang='lat' dir='ltr'><strong>libertas</strong></span> <span class='ocrx_word' id='word_1_116' title='bbox 554 1934 726 1991; x_wconf 84' lang='lat' dir='ltr'><strong>excusata.</strong></span> <span class='ocrx_word' id='word_1_117' title='bbox 1146 1899 1150 1914; x_wconf 23' lang='grc' dir='ltr'>Ἰ</span> 
     </span>
    </p>
   </div>
   <div class='ocr_carea' id='block_1_3' title="bbox 235 2147 1380 2478">
    <p class='ocr_par' dir='ltr' id='par_1_3' title="bbox 235 2147 1380 2478">
     <span class='ocr_line' id='line_1_16' title="bbox 289 2147 1379 2261; baseline -0.006 -40"><span class='ocrx_word' id='word_1_118' title='bbox 289 2162 345 2221; x_wconf 93' lang='grc'><strong>11.</strong></span> <span class='ocrx_word' id='word_1_119' title='bbox 373 2152 474 2245; x_wconf 69' lang='lat' dir='ltr'><strong>Qum</strong></span> <span class='ocrx_word' id='word_1_120' title='bbox 509 2150 595 2222; x_wconf 77' lang='lat' dir='ltr'><strong>cum</strong></span> <span class='ocrx_word' id='word_1_121' title='bbox 629 2147 771 2261; x_wconf 79' lang='lat' dir='ltr'><strong>dixisset</strong></span> <span class='ocrx_word' id='word_1_122' title='bbox 806 2153 906 2246; x_wconf 85' lang='lat' dir='ltr'><strong>Aper</strong></span> <span class='ocrx_word' id='word_1_123' title='bbox 936 2149 1065 2238; x_wconf 80' lang='lat' dir='ltr'><strong>acriits,</strong></span> <span class='ocrx_word' id='word_1_124' title='bbox 1102 2164 1141 2221; x_wconf 93' lang='lat' dir='ltr'><strong>ut</strong></span> <span class='ocrx_word' id='word_1_125' title='bbox 1172 2149 1321 2235; x_wconf 90' lang='lat' dir='ltr'><strong>solebat,</strong></span> <span class='ocrx_word' id='word_1_126' title='bbox 1351 2159 1379 2215; x_wconf 89' lang='lat' dir='ltr'><strong>et</strong></span> 
     </span>
     <span class='ocr_line' id='line_1_17' title="bbox 235 2259 1380 2345; baseline -0.008 -6"><span class='ocrx_word' id='word_1_127' title='bbox 235 2264 367 2339; x_wconf 88' lang='lat' dir='ltr'><strong>intento</strong></span> <span class='ocrx_word' id='word_1_128' title='bbox 399 2290 481 2339; x_wconf 91' lang='lat' dir='ltr'><strong>ore:</strong></span> <span class='ocrx_word' id='word_1_129' title='bbox 521 2264 682 2337; x_wconf 87' lang='lat' dir='ltr'><strong>remissus</strong></span> <span class='ocrx_word' id='word_1_130' title='bbox 721 2280 755 2337; x_wconf 91' lang='lat' dir='ltr'><strong>et</strong></span> <span class='ocrx_word' id='word_1_131' title='bbox 791 2265 971 2337; x_wconf 87' lang='lat' dir='ltr'><strong>subridens</strong></span> <span class='ocrx_word' id='word_1_132' title='bbox 995 2268 1210 2340; x_wconf 71' lang='lat' dir='ltr'><strong>Maternus:</strong></span> <span class='ocrx_word' id='word_1_133' title='bbox 1252 2259 1380 2345; x_wconf 87' lang='lat' dir='ltr'><strong>Paravi,</strong></span> 
     </span>
     <span class='ocr_line' id='line_1_18' title="bbox 236 2378 1379 2478; baseline -0.004 -26"><span class='ocrx_word' id='word_1_134' title='bbox 236 2378 359 2478; x_wconf 90' lang='lat' dir='ltr'><strong>inquit,</strong></span> <span class='ocrx_word' id='word_1_135' title='bbox 401 2407 471 2470; x_wconf 90' lang='lat' dir='ltr'><strong>me,</strong></span> <span class='ocrx_word' id='word_1_136' title='bbox 509 2406 581 2453; x_wconf 90' lang='lat' dir='ltr'><strong>non</strong></span> <span class='ocrx_word' id='word_1_137' title='bbox 616 2380 734 2454; x_wconf 76' lang='lat' dir='ltr'><strong>minus</strong></span> <span class='ocrx_word' id='word_1_138' title='bbox 770 2380 830 2455; x_wconf 92' lang='lat' dir='ltr'><strong>diu</strong></span> <span class='ocrx_word' id='word_1_139' title='bbox 870 2406 1030 2454; x_wconf 87' lang='lat' dir='ltr'><strong>accusare</strong></span> <span class='ocrx_word' id='word_1_140' title='bbox 1068 2399 1236 2469; x_wconf 86' lang='lat' dir='ltr'><strong>oratores,</strong></span> <span class='ocrx_word' id='word_1_141' title='bbox 1280 2378 1379 2477; x_wconf 79' lang='lat' dir='ltr'><strong>quim</strong></span> 
     </span>
    </p>
   </div>
   <div class='ocr_carea' id='block_1_4' title="bbox 236 2496 1380 3177">
    <p class='ocr_par' dir='ltr' id='par_1_4' title="bbox 236 2496 1380 3177">
     <span class='ocr_line' id='line_1_19' title="bbox 236 2496 1380 2594; baseline -0.005 -26"><span class='ocrx_word' id='word_1_142' title='bbox 236 2501 335 2594; x_wconf 85' lang='lat' dir='ltr'><strong>Aper</strong></span> <span class='ocrx_word' id='word_1_143' title='bbox 371 2497 511 2570; x_wconf 87' lang='lat' dir='ltr'><strong>laudat.⁵</strong></span> <span class='ocrx_word' id='word_1_144' title='bbox 568 2500 657 2570; x_wconf 87' lang='lat' dir='ltr'><strong>Fore</strong></span> <span class='ocrx_word' id='word_1_145' title='bbox 690 2497 782 2570; x_wconf 90' lang='lat' dir='ltr'><strong>enim</strong></span> <span class='ocrx_word' id='word_1_146' title='bbox 829 2497 1017 2572; x_wconf 88' lang='lat' dir='ltr'><strong>arbitrabar</strong></span> <span class='ocrx_word' id='word_1_147' title='bbox 1052 2514 1090 2570; x_wconf 93' lang='lat' dir='ltr'><strong>ut</strong></span> <span class='ocrx_word' id='word_1_148' title='bbox 1129 2521 1150 2568; x_wconf 89' lang='lat' dir='ltr'><strong>a</strong></span> <span class='ocrx_word' id='word_1_149' title='bbox 1189 2496 1380 2569; x_wconf 84' lang='lat' dir='ltr'><strong>laudatione</strong></span> 
     </span>
     <span class='ocr_line' id='line_1_20' title="bbox 237 2611 1380 2710; baseline -0.003 -28"><span class='ocrx_word' id='word_1_150' title='bbox 237 2637 360 2684; x_wconf 88' lang='lat' dir='ltr'><strong>eorum</strong></span> <span class='ocrx_word' id='word_1_151' title='bbox 385 2611 557 2710; x_wconf 87' lang='lat' dir='ltr'><strong>digressus</strong></span> <span class='ocrx_word' id='word_1_152' title='bbox 582 2614 786 2685; x_wconf 89' lang='lat' dir='ltr'><strong>detrectaret</strong></span> <span class='ocrx_word' id='word_1_153' title='bbox 812 2630 941 2709; x_wconf 88' lang='lat' dir='ltr'><strong>poetas,</strong></span> <span class='ocrx_word' id='word_1_154' title='bbox 967 2632 1070 2710; x_wconf 90' lang='lat' dir='ltr'><strong>atque</strong></span> <span class='ocrx_word' id='word_1_155' title='bbox 1098 2612 1294 2685; x_wconf 87' lang='lat' dir='ltr'><strong>carminum</strong></span> <span class='ocrx_word' id='word_1_156' title='bbox 1318 2625 1380 2680; x_wconf 88' lang='lat' dir='ltr'><strong>stu-</strong></span> 
     </span>
     <span class='ocr_line' id='line_1_21' title="bbox 238 2723 1379 2827; baseline -0.007 -29"><span class='ocrx_word' id='word_1_157' title='bbox 238 2725 335 2822; x_wconf 88' lang='lat' dir='ltr'><strong>dium</strong></span> <span class='ocrx_word' id='word_1_158' title='bbox 368 2744 621 2822; x_wconf 89' lang='lat' dir='ltr'><strong>prosterneret:</strong></span> <span class='ocrx_word' id='word_1_159' title='bbox 661 2746 733 2800; x_wconf 79' lang='lat' dir='ltr'><strong>arte</strong></span> <span class='ocrx_word' id='word_1_160' title='bbox 766 2729 917 2826; x_wconf 88' lang='lat' dir='ltr'><strong>quadam</strong></span> <span class='ocrx_word' id='word_1_161' title='bbox 952 2729 1129 2827; x_wconf 88' lang='lat' dir='ltr'><strong>mitigavit,</strong></span> <span class='ocrx_word' id='word_1_162' title='bbox 1163 2723 1379 2802; x_wconf 90' lang='lat' dir='ltr'><strong>concedendo</strong></span> 
     </span>
     <span class='ocr_line' id='line_1_22' title="bbox 239 2817 1379 2942; baseline -0.002 -29"><span class='ocrx_word' id='word_1_163' title='bbox 239 2817 305 2929; x_wconf 90' lang='lat' dir='ltr'><strong>his,</strong></span> <span class='ocrx_word' id='word_1_164' title='bbox 340 2842 399 2940; x_wconf 91' lang='lat' dir='ltr'><strong>qui</strong></span> <span class='ocrx_word' id='word_1_165' title='bbox 433 2867 550 2914; x_wconf 90' lang='lat' dir='ltr'><strong>causas</strong></span> <span class='ocrx_word' id='word_1_166' title='bbox 583 2867 685 2940; x_wconf 87' lang='lat' dir='ltr'><strong>agere</strong></span> <span class='ocrx_word' id='word_1_167' title='bbox 719 2869 791 2915; x_wconf 93' lang='lat' dir='ltr'><strong>non</strong></span> <span class='ocrx_word' id='word_1_168' title='bbox 819 2861 970 2942; x_wconf 85' lang='lat' dir='ltr'><strong>possent,</strong></span> <span class='ocrx_word' id='word_1_169' title='bbox 1004 2863 1043 2916; x_wconf 92' lang='lat' dir='ltr'><strong>ut</strong></span> <span class='ocrx_word' id='word_1_170' title='bbox 1072 2869 1191 2916; x_wconf 89' lang='lat' dir='ltr'><strong>versus</strong></span> <span class='ocrx_word' id='word_1_171' title='bbox 1224 2841 1379 2916; x_wconf 76' lang='lat' dir='ltr'><strong>facerent·</strong></span> 
     </span>
     <span class='ocr_line' id='line_1_23' title="bbox 239 2949 1379 3058; baseline -0.005 -30"><span class='ocrx_word' id='word_1_172' title='bbox 239 2957 317 3054; x_wconf 81' lang='lat' dir='ltr'><strong>Ego</strong></span> <span class='ocrx_word' id='word_1_173' title='bbox 333 2975 448 3027; x_wconf 84' lang='lat' dir='ltr'><strong>autem</strong></span> <span class='ocrx_word' id='word_1_174' title='bbox 475 2955 561 3029; x_wconf 91' lang='lat' dir='ltr'><strong>sicut</strong></span> <span class='ocrx_word' id='word_1_175' title='bbox 583 2957 618 3027; x_wconf 90' lang='lat' dir='ltr'><strong>iu</strong></span> <span class='ocrx_word' id='word_1_176' title='bbox 646 2959 756 3032; x_wconf 88' lang='lat' dir='ltr'><strong>causis</strong></span> <span class='ocrx_word' id='word_1_177' title='bbox 780 2959 921 3058; x_wconf 86' lang='lat' dir='ltr'><strong>agendis</strong></span> <span class='ocrx_word' id='word_1_178' title='bbox 937 2960 1072 3033; x_wconf 88' lang='lat' dir='ltr'><strong>efficere</strong></span> <span class='ocrx_word' id='word_1_179' title='bbox 1091 2959 1220 3056; x_wconf 89' lang='lat' dir='ltr'><strong>aliquid</strong></span> <span class='ocrx_word' id='word_1_180' title='bbox 1245 2977 1284 3031; x_wconf 90' lang='lat' dir='ltr'><strong>et</strong></span> <span class='ocrx_word' id='word_1_181' title='bbox 1307 2949 1379 3027; x_wconf 87' lang='lat' dir='ltr'><strong>eniti</strong></span> 
     </span>
     <span class='ocr_line' id='line_1_24' title="bbox 238 3059 1379 3177; baseline -0.003 -31"><span class='ocrx_word' id='word_1_182' title='bbox 238 3069 379 3146; x_wconf 78' lang='lat' dir='ltr'><strong>fortasse</strong></span> <span class='ocrx_word' id='word_1_183' title='bbox 395 3095 549 3168; x_wconf 90' lang='lat' dir='ltr'><strong>possum,</strong></span> <span class='ocrx_word' id='word_1_184' title='bbox 568 3072 615 3144; x_wconf 89' lang='lat' dir='ltr'><strong>ita</strong></span> <span class='ocrx_word' id='word_1_185' title='bbox 631 3075 828 3148; x_wconf 88' lang='lat' dir='ltr'><strong>recitatione</strong></span> <span class='ocrx_word' id='word_1_186' title='bbox 844 3076 1092 3177; x_wconf 79' lang='lat' dir='ltr'><strong>tragoediarum</strong></span> <span class='ocrx_word' id='word_1_187' title='bbox 1108 3059 1242 3177; x_wconf 84' lang='lat' dir='ltr'><strong>ingredi</strong></span> <span class='ocrx_word' id='word_1_188' title='bbox 1259 3073 1379 3147; x_wconf 87' lang='lat' dir='ltr'><strong>famam</strong></span> 
     </span>
    </p>
   </div>
   <div class='ocr_carea' id='block_1_5' title="bbox 241 3345 1379 3670">
    <p class='ocr_par' dir='ltr' id='par_1_5' title="bbox 241 3345 1379 3589">
     <span class='ocr_line' id='line_1_25' title="bbox 284 3345 1379 3428; baseline 0.003 -26"><span class='ocrx_word' id='word_1_189' title='bbox 284 3345 467 3406; x_wconf 76' lang='lat' dir='ltr'><strong>&#39;obnoxium</strong></span> <span class='ocrx_word' id='word_1_190' title='bbox 480 3349 517 3406; x_wconf 87' lang='lat' dir='ltr'><strong>sit</strong></span> <span class='ocrx_word' id='word_1_191' title='bbox 532 3350 679 3424; x_wconf 77' lang='lat' dir='ltr'><strong>offendere.</strong></span> <span class='ocrx_word' id='word_1_192' title='bbox 719 3351 791 3409; x_wconf 81' lang='lat' dir='ltr'><strong>Tam</strong></span> <span class='ocrx_word' id='word_1_193' title='bbox 845 3349 896 3410; x_wconf 82' lang='lat' dir='ltr'><strong>riis</strong></span> <span class='ocrx_word' id='word_1_194' title='bbox 911 3351 1051 3428; x_wconf 79' lang='lat' dir='ltr'><strong>preeeipud</strong></span> <span class='ocrx_word' id='word_1_195' title='bbox 1064 3350 1186 3418; x_wconf 80' lang='lat' dir='ltr'><strong>inrideri,</strong></span> <span class='ocrx_word' id='word_1_196' title='bbox 1206 3359 1233 3407; x_wconf 90' lang='lat' dir='ltr'><strong>et</strong></span> <span class='ocrx_word' id='word_1_197' title='bbox 1253 3367 1316 3406; x_wconf 77' lang='lat' dir='ltr'><strong>mor</strong></span> <span class='ocrx_word' id='word_1_198' title='bbox 1332 3362 1379 3399; x_wconf 72' lang='grc' dir='ltr'>ιιι·</span> 
     </span>
     <span class='ocr_line' id='line_1_26' title="bbox 241 3430 1379 3507; baseline -0.005 -24"><span class='ocrx_word' id='word_1_199' title='bbox 241 3430 508 3507; x_wconf 79' lang='lat' dir='ltr'><strong>poeta1·um‚quitm</strong></span> <span class='ocrx_word' id='word_1_200' title='bbox 526 3443 683 3499; x_wconf 80' lang='lat' dir='ltr'><strong>oratorum,</strong></span> <span class='ocrx_word' id='word_1_201' title='bbox 704 3434 794 3490; x_wconf 88' lang='lat' dir='ltr'><strong>studi·</strong></span> <span class='ocrx_word' id='word_1_202' title='bbox 845 3432 920 3490; x_wconf 81' lang='lat' dir='ltr'><strong>niam</strong></span> <span class='ocrx_word' id='word_1_203' title='bbox 952 3432 1120 3490; x_wconf 80' lang='lat' dir='ltr'><strong>sermonibus</strong></span> <span class='ocrx_word' id='word_1_204' title='bbox 1142 3431 1234 3506; x_wconf 71' lang='lat' dir='ltr'><strong>sirei,</strong></span> <span class='ocrx_word' id='word_1_205' title='bbox 1278 3430 1379 3486; x_wconf 76' lang='lat' dir='ltr'><strong>Pateor.</strong></span> 
     </span>
     <span class='ocr_line' id='line_1_27' title="bbox 244 3509 1378 3589; baseline 0.001 -26"><span class='ocrx_word' id='word_1_206' title='bbox 244 3524 293 3564; x_wconf 88' lang='lat' dir='ltr'><strong>um</strong></span> <span class='ocrx_word' id='word_1_207' title='bbox 307 3509 464 3564; x_wconf 79' lang='lat' dir='ltr'><strong>obnoxium</strong></span> <span class='ocrx_word' id='word_1_208' title='bbox 474 3521 519 3567; x_wconf 90' lang='lat' dir='ltr'><strong>est</strong></span> <span class='ocrx_word' id='word_1_209' title='bbox 531 3513 648 3568; x_wconf 81' lang='lat' dir='ltr'><strong>ottinsae.</strong></span> <span class='ocrx_word' id='word_1_210' title='bbox 846 3514 887 3569; x_wconf 84' lang='lat' dir='ltr'><strong>At</strong></span> <span class='ocrx_word' id='word_1_211' title='bbox 907 3521 1011 3589; x_wconf 79' lang='lat' dir='ltr'><strong>peneto</strong></span> <span class='ocrx_word' id='word_1_212' title='bbox 1029 3513 1093 3588; x_wconf 86' lang='lat' dir='ltr'><strong>plus</strong></span> <span class='ocrx_word' id='word_1_213' title='bbox 1111 3509 1378 3581; x_wconf 63' lang='lat' dir='ltr'><strong>scientissimum</strong></span> 
     </span>
    </p>

    <p class='ocr_par' dir='ltr' id='par_1_6' title="bbox 284 3581 1377 3670">
     <span class='ocr_line' id='line_1_28' title="bbox 284 3581 1377 3670; baseline -0.003 -26.906"><span class='ocrx_word' id='word_1_214' title='bbox 284 3581 377 3644; x_wconf 76' lang='lat' dir='ltr'><strong>2Pro</strong></span> <span class='ocrx_word' id='word_1_215' title='bbox 391 3587 443 3644; x_wconf 85' lang='lat' dir='ltr'><strong>Cet</strong></span> <span class='ocrx_word' id='word_1_216' title='bbox 432 3599 504 3646; x_wconf 88' lang='lat' dir='ltr'><strong>t0.ne</strong></span> <span class='ocrx_word' id='word_1_217' title='bbox 548 3593 592 3648; x_wconf 86' lang='lat' dir='ltr'><strong>De</strong></span> <span class='ocrx_word' id='word_1_218' title='bbox 616 3589 675 3668; x_wconf 76' lang='lat' dir='ltr'><strong>qud</strong></span> <span class='ocrx_word' id='word_1_219' title='bbox 696 3603 757 3670; x_wconf 86' lang='lat' dir='ltr'><strong>trag</strong></span> <span class='ocrx_word' id='word_1_220' title='bbox 758 3614 796 3652; x_wconf 83' lang='grc' dir='ltr'><strong>οι-</strong></span> <span class='ocrx_word' id='word_1_221' title='bbox 841 3594 1049 3684; x_wconf 58' lang='lat' dir='ltr'><strong>pleseni&#39;ensm</strong></span> <span class='ocrx_word' id='word_1_222' title='bbox 1072 3600 1151 3649; x_wconf 80' lang='lat' dir='ltr'><strong>terito</strong></span> <span class='ocrx_word' id='word_1_223' title='bbox 1172 3593 1254 3648; x_wconf 81' lang='lat' dir='ltr'><strong>ruina</strong></span> <span class='ocrx_word' id='word_1_224' title='bbox 1275 3587 1377 3649; x_wconf 81' lang='lat' dir='ltr'><strong>certior.</strong></span> 
     </span>
    </p>
   </div>
   <div class='ocr_carea' id='block_1_6' title="bbox 142 3663 1378 3765">
    <p class='ocr_par' dir='ltr' id='par_1_7' title="bbox 142 3663 1378 3765">
     <span class='ocr_line' id='line_1_29' title="bbox 142 3663 1378 3765; baseline -0.023 -20"><span class='ocrx_word' id='word_1_225' title='bbox 142 3715 150 3738; x_wconf 88' lang='grc' dir='ltr'><strong>ι</strong></span> <span class='ocrx_word' id='word_1_226' title='bbox 245 3666 325 3724; x_wconf 59' lang='lat'><strong>‘¹¹3</strong></span> <span class='ocrx_word' id='word_1_227' title='bbox 313 3685 374 3742; x_wconf 62' lang='lat' dir='ltr'><strong>lam</strong></span> <span class='ocrx_word' id='word_1_228' title='bbox 404 3669 514 3726; x_wconf 72' lang='lat' dir='ltr'><strong>dlclum</strong></span> <span class='ocrx_word' id='word_1_229' title='bbox 538 3691 625 3748; x_wconf 83' lang='lat' dir='ltr'><strong>supra</strong></span> <span class='ocrx_word' id='word_1_230' title='bbox 644 3691 748 3750; x_wconf 85' lang='lat' dir='ltr'><strong>cap.</strong></span> <span class='ocrx_word' id='word_1_231' title='bbox 730 3683 748 3715; x_wconf 82' lang='lat'><strong>⁰</strong></span> <span class='ocrx_word' id='word_1_232' title='bbox 767 3689 795 3732; x_wconf 88' lang='lat' dir='ltr'><strong>et</strong></span> <span class='ocrx_word' id='word_1_233' title='bbox 849 3673 928 3731; x_wconf 84' lang='lat' dir='ltr'><strong>Tolle</strong></span> <span class='ocrx_word' id='word_1_234' title='bbox 946 3674 1037 3765; x_wconf 83' lang='lat' dir='ltr'><strong>igitur</strong></span> <span class='ocrx_word' id='word_1_235' title='bbox 1057 3672 1158 3749; x_wconf 75' lang='lat' dir='ltr'><strong>qnietis</strong></span> <span class='ocrx_word' id='word_1_236' title='bbox 1182 3680 1209 3728; x_wconf 82' lang='lat' dir='ltr'><strong>et</strong></span> <span class='ocrx_word' id='word_1_237' title='bbox 1230 3663 1378 3730; x_wconf 77' lang='lat' dir='ltr'><strong>securitatis</strong></span> 
     </span>
    </p>
   </div>
   <div class='ocr_carea' id='block_1_7' title="bbox 242 3749 1378 4478">
    <p class='ocr_par' dir='ltr' id='par_1_8' title="bbox 243 3749 1126 3831">
     <span class='ocr_line' id='line_1_30' title="bbox 243 3749 1126 3831; baseline 0.007 -29"><span class='ocrx_word' id='word_1_238' title='bbox 243 3767 300 3822; x_wconf 80' lang='lat' dir='ltr'><strong>seq.</strong></span> <span class='ocrx_word' id='word_1_239' title='bbox 352 3749 471 3825; x_wconf 86' lang='lat' dir='ltr'><strong>Vigente</strong></span> <span class='ocrx_word' id='word_1_240' title='bbox 503 3751 633 3828; x_wconf 88' lang='lat' dir='ltr'><strong>imperio,</strong></span> <span class='ocrx_word' id='word_1_241' title='bbox 667 3759 797 3831; x_wconf 72' lang='lat' dir='ltr'><strong>novitque</strong></span> <span class='ocrx_word' id='word_1_242' title='bbox 846 3755 1054 3822; x_wconf 72' lang='lat' dir='ltr'><strong>exornationem,</strong></span> <span class='ocrx_word' id='word_1_243' title='bbox 1069 3755 1126 3810; x_wconf 76' lang='lat' dir='ltr'><strong>dic.</strong></span> 
     </span>
    </p>

    <p class='ocr_par' dir='ltr' id='par_1_9' title="bbox 246 3823 1378 3925">
     <span class='ocr_line' id='line_1_31' title="bbox 246 3823 1378 3925; baseline 0.004 -43"><span class='ocrx_word' id='word_1_244' title='bbox 246 3829 410 3904; x_wconf 56' lang='lat' dir='ltr'><strong>Vespasiani</strong></span> <span class='ocrx_word' id='word_1_245' title='bbox 432 3829 527 3902; x_wconf 87' lang='lat' dir='ltr'><strong>domo,</strong></span> <span class='ocrx_word' id='word_1_246' title='bbox 550 3832 635 3900; x_wconf 86' lang='lat' dir='ltr'><strong>Catu,</strong></span> <span class='ocrx_word' id='word_1_247' title='bbox 659 3834 797 3894; x_wconf 83' lang='lat' dir='ltr'><strong>libertatis</strong></span> <span class='ocrx_word' id='word_1_248' title='bbox 877 3830 1296 3925; x_wconf 76' lang='lat' dir='ltr'><strong>⁴Adversarieimsnperiorem.</strong></span> <span class='ocrx_word' id='word_1_249' title='bbox 1306 3823 1378 3886; x_wconf 75' lang='lat' dir='ltr'><strong>Tolle</strong></span> 
     </span>
    </p>

    <p class='ocr_par' dir='ltr' id='par_1_10' title="bbox 242 3874 1376 3992">
     <span class='ocr_line' id='line_1_32' title="bbox 242 3874 1376 3992; baseline 0.002 -27"><span class='ocrx_word' id='word_1_250' title='bbox 242 3910 379 3980; x_wconf 83' lang='lat' dir='ltr'><strong>adsertor,</strong></span> <span class='ocrx_word' id='word_1_251' title='bbox 397 3874 565 3968; x_wconf 79' lang='lat' dir='ltr'><strong>invidiosism</strong></span> <span class='ocrx_word' id='word_1_252' title='bbox 580 3929 639 3974; x_wconf 86' lang='lat' dir='ltr'><strong>erat</strong></span> <span class='ocrx_word' id='word_1_253' title='bbox 653 3917 796 3992; x_wconf 83' lang='lat' dir='ltr'><strong>tragoediae</strong></span> <span class='ocrx_word' id='word_1_254' title='bbox 847 3914 935 3990; x_wconf 85' lang='lat' dir='ltr'><strong>igitur</strong></span> <span class='ocrx_word' id='word_1_255' title='bbox 955 3914 1028 3974; x_wconf 89' lang='lat' dir='ltr'><strong>hanc</strong></span> <span class='ocrx_word' id='word_1_256' title='bbox 1049 3914 1161 3990; x_wconf 87' lang='lat' dir='ltr'><strong>quietis,</strong></span> <span class='ocrx_word' id='word_1_257' title='bbox 1182 3927 1211 3973; x_wconf 89' lang='lat' dir='ltr'><strong>et</strong></span> <span class='ocrx_word' id='word_1_258' title='bbox 1232 3905 1376 3970; x_wconf 69' lang='lat' dir='ltr'><strong>securitatis</strong></span> 
     </span>
    </p>

    <p class='ocr_par' dir='ltr' id='par_1_11' title="bbox 244 3987 1378 4153">
     <span class='ocr_line' id='line_1_33' title="bbox 244 3987 1378 4064; baseline -0.004 -16"><span class='ocrx_word' id='word_1_259' title='bbox 244 3999 452 4064; x_wconf 70' lang='lat' dir='ltr'><strong>strumentum,</strong></span> <span class='ocrx_word' id='word_1_260' title='bbox 465 3993 795 4054; x_wconf 80' lang='lat' dir='ltr'><strong>etoffinsisobnoxium.</strong></span> <span class='ocrx_word' id='word_1_261' title='bbox 847 3997 1071 4063; x_wconf 81' lang='lat' dir='ltr'><strong>exeusationem,</strong></span> <span class='ocrx_word' id='word_1_262' title='bbox 1091 3996 1201 4052; x_wconf 73' lang='lat' dir='ltr'><strong>offensae</strong></span> <span class='ocrx_word' id='word_1_263' title='bbox 1214 3993 1321 4051; x_wconf 85' lang='lat' dir='ltr'><strong>scilicet</strong></span> <span class='ocrx_word' id='word_1_264' title='bbox 1336 3987 1378 4044; x_wconf 83' lang='lat' dir='ltr'><strong>mi·</strong></span> 
     </span>
     <span class='ocr_line' id='line_1_34' title="bbox 285 4065 1377 4161; baseline 0.003 -34"><span class='ocrx_word' id='word_1_265' title='bbox 285 4065 396 4128; x_wconf 70' lang='lat' dir='ltr'><strong>³Hinc</strong></span> <span class='ocrx_word' id='word_1_266' title='bbox 423 4071 557 4148; x_wconf 80' lang='lat' dir='ltr'><strong>ingentes.</strong></span> <span class='ocrx_word' id='word_1_267' title='bbox 592 4071 651 4134; x_wconf 88' lang='lat' dir='ltr'><strong>llic</strong></span> <span class='ocrx_word' id='word_1_268' title='bbox 678 4077 794 4153; x_wconf 81' lang='lat' dir='ltr'><strong>aliquid</strong></span> <span class='ocrx_word' id='word_1_269' title='bbox 848 4075 902 4132; x_wconf 77' lang='lat' dir='ltr'><strong>nils</strong></span> <span class='ocrx_word' id='word_1_270' title='bbox 944 4076 1102 4132; x_wconf 83' lang='lat' dir='ltr'><strong>obnoxium</strong></span> <span class='ocrx_word' id='word_1_271' title='bbox 1138 4095 1197 4132; x_wconf 81' lang='lat' dir='ltr'><strong>esse</strong></span> <span class='ocrx_word' id='word_1_272' title='bbox 1235 4086 1377 4161; x_wconf 76' lang='lat' dir='ltr'><strong>poetarum</strong></span> 
     </span>
    </p>

    <p class='ocr_par' dir='ltr' id='par_1_12' title="bbox 245 4153 1377 4233">
     <span class='ocr_line' id='line_1_35' title="bbox 245 4153 1377 4233; baseline -0.002 -25"><span class='ocrx_word' id='word_1_273' title='bbox 245 4153 331 4208; x_wconf 87' lang='lat' dir='ltr'><strong>deest.</strong></span> <span class='ocrx_word' id='word_1_274' title='bbox 373 4153 570 4230; x_wconf 76' lang='lat' dir='ltr'><strong>bupplindum</strong></span> <span class='ocrx_word' id='word_1_275' title='bbox 587 4167 668 4233; x_wconf 93' lang='lat' dir='ltr'><strong>puto</strong></span> <span class='ocrx_word' id='word_1_276' title='bbox 695 4156 794 4213; x_wconf 84' lang='lat' dir='ltr'><strong>Sentio</strong></span> <span class='ocrx_word' id='word_1_277' title='bbox 849 4155 937 4230; x_wconf 73' lang='lat' dir='ltr'><strong>quam</strong></span> <span class='ocrx_word' id='word_1_278' title='bbox 951 4169 1096 4212; x_wconf 84' lang='lat' dir='ltr'><strong>oratorum</strong></span> <span class='ocrx_word' id='word_1_279' title='bbox 1107 4156 1246 4224; x_wconf 81' lang='lat' dir='ltr'><strong>studium</strong></span> <span class='ocrx_word' id='word_1_280' title='bbox 1257 4160 1318 4211; x_wconf 86' lang='lat' dir='ltr'><strong>edm</strong></span> <span class='ocrx_word' id='word_1_281' title='bbox 1329 4163 1377 4226; x_wconf 76' lang='lat' dir='ltr'><strong>1pse</strong></span> 
     </span>
    </p>

    <p class='ocr_par' dir='ltr' id='par_1_13' title="bbox 244 4233 1377 4312">
     <span class='ocr_line' id='line_1_36' title="bbox 244 4233 1377 4312; baseline 0.002 -24"><span class='ocrx_word' id='word_1_282' title='bbox 244 4233 313 4309; x_wconf 80' lang='lat' dir='ltr'><strong>qnid</strong></span> <span class='ocrx_word' id='word_1_283' title='bbox 344 4235 525 4308; x_wconf 81' lang='lat' dir='ltr'><strong>responderi</strong></span> <span class='ocrx_word' id='word_1_284' title='bbox 540 4237 649 4311; x_wconf 81' lang='lat' dir='ltr'><strong>pessit:</strong></span> <span class='ocrx_word' id='word_1_285' title='bbox 682 4237 795 4312; x_wconf 81' lang='lat' dir='ltr'><strong>placere</strong></span> <span class='ocrx_word' id='word_1_286' title='bbox 849 4237 900 4292; x_wconf 83' lang='lat' dir='ltr'><strong>ttbr</strong></span> <span class='ocrx_word' id='word_1_287' title='bbox 908 4255 1002 4293; x_wconf 84' lang='lat' dir='ltr'><strong>sumas</strong></span> <span class='ocrx_word' id='word_1_288' title='bbox 1011 4235 1201 4293; x_wconf 62' lang='lat' dir='ltr'><strong>adversarium</strong></span> <span class='ocrx_word' id='word_1_289' title='bbox 1212 4235 1377 4312; x_wconf 79' lang='lat' dir='ltr'><strong>superlortffl</strong></span> 
     </span>
    </p>

    <p class='ocr_par' dir='ltr' id='par_1_14' title="bbox 245 4314 1187 4408">
     <span class='ocr_line' id='line_1_37' title="bbox 245 4314 1187 4408; baseline 0.003 -39"><span class='ocrx_word' id='word_1_290' title='bbox 245 4314 301 4369; x_wconf 77' lang='lat' dir='ltr'><strong>line</strong></span> <span class='ocrx_word' id='word_1_291' title='bbox 321 4322 504 4387; x_wconf 82' lang='lat' dir='ltr'><strong>argumente:</strong></span> <span class='ocrx_word' id='word_1_292' title='bbox 527 4315 627 4375; x_wconf 82' lang='lat' dir='ltr'><strong>iinc&#39;</strong></span> <span class='ocrx_word' id='word_1_293' title='bbox 612 4325 713 4408; x_wconf 81' lang='lat' dir='ltr'><strong>sugent</strong></span> <span class='ocrx_word' id='word_1_294' title='bbox 715 4337 743 4374; x_wconf 84' lang='lat' dir='ltr'><strong>cs</strong></span> <span class='ocrx_word' id='word_1_295' title='bbox 762 4337 796 4374; x_wconf 77' lang='lat' dir='ltr'><strong>er</strong></span> <span class='ocrx_word' id='word_1_296' title='bbox 850 4335 884 4374; x_wconf 87' lang='lat' dir='ltr'><strong>ac</strong></span> <span class='ocrx_word' id='word_1_297' title='bbox 899 4316 1044 4392; x_wconf 85' lang='lat' dir='ltr'><strong>Principes</strong></span> <span class='ocrx_word' id='word_1_298' title='bbox 1057 4317 1187 4374; x_wconf 83' lang='lat' dir='ltr'><strong>offendas.</strong></span> 
     </span>
    </p>

    <p class='ocr_par' dir='ltr' id='par_1_15' title="bbox 245 4391 1311 4478">
     <span class='ocr_line' id='line_1_38' title="bbox 245 4391 1311 4478; baseline 0.002 -26"><span class='ocrx_word' id='word_1_299' title='bbox 245 4391 288 4460; x_wconf 76' lang='lat' dir='ltr'><strong>dis</strong></span> <span class='ocrx_word' id='word_1_300' title='bbox 306 4411 449 4462; x_wconf 71' lang='lat' dir='ltr'><strong>assensis,-</strong></span> <span class='ocrx_word' id='word_1_301' title='bbox 471 4395 565 4454; x_wconf 81' lang='lat' dir='ltr'><strong>linc</strong></span> <span class='ocrx_word' id='word_1_302' title='bbox 555 4417 584 4455; x_wconf 85' lang='grc' dir='ltr'><strong>ιιι</strong></span> <span class='ocrx_word' id='word_1_303' title='bbox 608 4395 675 4478; x_wconf 86' lang='lat' dir='ltr'><strong>ipsis</strong></span> <span class='ocrx_word' id='word_1_304' title='bbox 688 4397 797 4457; x_wconf 85' lang='lat' dir='ltr'><strong>nudite-</strong></span> <span class='ocrx_word' id='word_1_305' title='bbox 886 4393 1046 4459; x_wconf 62' lang='lat' dir='ltr'><strong>&#39;murae</strong></span> <span class='ocrx_word' id='word_1_306' title='bbox 1069 4396 1176 4460; x_wconf 77' lang='lat' dir='ltr'><strong>Mettus</strong></span> <span class='ocrx_word' id='word_1_307' title='bbox 1189 4397 1311 4457; x_wconf 82' lang='lat' dir='ltr'><strong>laudare.</strong></span> 
     </span>
    </p>
   </div>
   <div class='ocr_carea' id='block_1_8' title="bbox 0 0 1463 4950">
    <p class='ocr_par' dir='ltr' id='par_1_16' title="bbox 0 0 1463 4950">
     <span class='ocr_line' id='line_1_39' title="bbox 0 0 1463 4950; baseline 0 0"><span class='ocrx_word' id='word_1_308' title='bbox 0 0 1463 4950; x_wconf 95' lang='lat' dir='ltr'><strong> </strong></span> 
     </span>
    </p>
   </div>
  </div>
 </body>
</html>
