<?xml version="1.0" encoding="UTF-8"?>
<!DOCTYPE html PUBLIC "-//W3C//DTD XHTML 1.0 Transitional//EN"
    "http://www.w3.org/TR/xhtml1/DTD/xhtml1-transitional.dtd">
<html xmlns="http://www.w3.org/1999/xhtml" xml:lang="en" lang="en">
 <head>
  <title>
</title>
<meta http-equiv="Content-Type" content="text/html;charset=utf-8" />
  <meta name='ocr-system' content='tesseract 3.04.00' />
  <meta name='ocr-capabilities' content='ocr_page ocr_carea ocr_par ocr_line ocrx_word'/>
</head>
<body>
  <div class='ocr_page' id='page_1' title='image "./ccorntacitioper01valpgoog_0618.png"; bbox 0 0 2859 4950; ppageno 0'>
   <div class='ocr_carea' id='block_1_1' title="bbox 207 236 1168 820">
    <p class='ocr_par' dir='ltr' id='par_1_1' title="bbox 207 236 1168 820">
     <span class='ocr_line' id='line_1_1' title="bbox 207 236 1071 319; baseline 0.008 -6"><span class='ocrx_word' id='word_1_1' title='bbox 207 236 278 315; x_wconf 69' lang='lat' dir='ltr'>us</span> <span class='ocrx_word' id='word_1_2' title='bbox 514 245 644 319; x_wconf 71' lang='lat' dir='ltr'>rora</span> <span class='ocrx_word' id='word_1_3' title='bbox 666 254 1071 319; x_wconf 78' lang='lat' dir='ltr'>ersusuonrrouas</span> 
     </span>
     <span class='ocr_line' id='line_1_2' title="bbox 1146 354 1168 401; baseline 0 0"><span class='ocrx_word' id='word_1_4' title='bbox 1146 354 1168 401; x_wconf 71' lang='lat' dir='ltr'>a</span> 
     </span>
     <span class='ocr_line' id='line_1_3' title="bbox 494 474 1166 559; baseline 0.003 -22"><span class='ocrx_word' id='word_1_5' title='bbox 494 478 515 511; x_wconf 77' lang='lat'>‘⁶</span> <span class='ocrx_word' id='word_1_6' title='bbox 526 474 575 537; x_wconf 80' lang='lat' dir='ltr'>&#39;lb</span> <span class='ocrx_word' id='word_1_7' title='bbox 588 474 665 537; x_wconf 83' lang='lat' dir='ltr'>disce</span> <span class='ocrx_word' id='word_1_8' title='bbox 678 485 799 556; x_wconf 82' lang='lat' dir='ltr'>patrem,</span> <span class='ocrx_word' id='word_1_9' title='bbox 817 486 995 559; x_wconf 84' lang='lat' dir='ltr'>quantosque</span> <span class='ocrx_word' id='word_1_10' title='bbox 1009 477 1166 557; x_wconf 72' lang='lat' dir='ltr'>nigrantem</span> 
     </span>
     <span class='ocr_line' id='line_1_4' title="bbox 332 602 1083 691; baseline 0.012 -27"><span class='ocrx_word' id='word_1_11' title='bbox 332 602 480 666; x_wconf 72' lang='lat' dir='ltr'>Fluctibus</span> <span class='ocrx_word' id='word_1_12' title='bbox 491 604 626 678; x_wconf 85' lang='lat' dir='ltr'>occiduis,</span> <span class='ocrx_word' id='word_1_13' title='bbox 645 607 777 689; x_wconf 75' lang='lat' dir='ltr'>fessoque</span> <span class='ocrx_word' id='word_1_14' title='bbox 792 610 957 691; x_wconf 75' lang='lat' dir='ltr'>Hyperione</span> <span class='ocrx_word' id='word_1_15' title='bbox 968 610 1083 673; x_wconf 84' lang='lat' dir='ltr'>Tbuleo</span> 
     </span>
     <span class='ocr_line' id='line_1_5' title="bbox 333 730 735 820; baseline 0.027 -29"><span class='ocrx_word' id='word_1_16' title='bbox 333 730 450 795; x_wconf 80' lang='lat' dir='ltr'>lnttlrit</span> <span class='ocrx_word' id='word_1_17' title='bbox 460 736 595 799; x_wconf 66' lang='lat' dir='ltr'>modus</span> <span class='ocrx_word' id='word_1_18' title='bbox 607 744 735 820; x_wconf 58' lang='grc' dir='ltr'>μηνὶ·</span> 
     </span>
    </p>
   </div>
   <div class='ocr_carea' id='block_1_2' title="bbox 177 944 1376 3046">
    <p class='ocr_par' dir='ltr' id='par_1_2' title="bbox 177 944 1376 3046">
     <span class='ocr_line' id='line_1_6' title="bbox 258 944 1375 1038; baseline 0.008 -30"><span class='ocrx_word' id='word_1_19' title='bbox 258 944 382 1025; x_wconf 77' lang='lat' dir='ltr'>Verium,</span> <span class='ocrx_word' id='word_1_20' title='bbox 404 950 569 1035; x_wconf 75' lang='lat' dir='ltr'>antequrlm</span> <span class='ocrx_word' id='word_1_21' title='bbox 584 952 622 1017; x_wconf 87' lang='lat' dir='ltr'>de</span> <span class='ocrx_word' id='word_1_22' title='bbox 642 952 892 1037; x_wconf 72' lang='lat' dir='ltr'>septemtrionali</span> <span class='ocrx_word' id='word_1_23' title='bbox 913 953 1104 1038; x_wconf 75' lang='lat' dir='ltr'>instigatione</span> <span class='ocrx_word' id='word_1_24' title='bbox 1124 952 1247 1017; x_wconf 83' lang='lat' dir='ltr'>dicendi</span> <span class='ocrx_word' id='word_1_25' title='bbox 1272 951 1375 1017; x_wconf 80' lang='lat' dir='ltr'>finsrn</span> 
     </span>
     <span class='ocr_line' id='line_1_7' title="bbox 212 1056 1376 1151; baseline 0.008 -31"><span class='ocrx_word' id='word_1_26' title='bbox 212 1056 334 1135; x_wconf 82' lang='lat' dir='ltr'>faciam,</span> <span class='ocrx_word' id='word_1_27' title='bbox 356 1059 485 1123; x_wconf 86' lang='lat' dir='ltr'>alterum</span> <span class='ocrx_word' id='word_1_28' title='bbox 507 1064 867 1150; x_wconf 79' lang='lat' dir='ltr'>proferameueruplum,</span> <span class='ocrx_word' id='word_1_29' title='bbox 890 1068 985 1151; x_wconf 88' lang='lat' dir='ltr'>quod,</span> <span class='ocrx_word' id='word_1_30' title='bbox 1008 1066 1121 1129; x_wconf 85' lang='lat' dir='ltr'>utinam</span> <span class='ocrx_word' id='word_1_31' title='bbox 1145 1065 1243 1129; x_wconf 66' lang='lat' dir='ltr'>ludus</span> <span class='ocrx_word' id='word_1_32' title='bbox 1259 1064 1376 1129; x_wconf 68' lang='lat' dir='ltr'>musea</span> 
     </span>
     <span class='ocr_line' id='line_1_8' title="bbox 211 1176 1374 1255; baseline 0.006 -24"><span class='ocrx_word' id='word_1_33' title='bbox 211 1184 377 1248; x_wconf 82' lang='lat' dir='ltr'>nonatum,</span> <span class='ocrx_word' id='word_1_34' title='bbox 405 1194 549 1255; x_wconf 82' lang='lat' dir='ltr'>magnum</span> <span class='ocrx_word' id='word_1_35' title='bbox 580 1188 695 1238; x_wconf 67' lang='lat' dir='ltr'>naturae</span> <span class='ocrx_word' id='word_1_36' title='bbox 724 1198 868 1239; x_wconf 85' lang='lat' dir='ltr'>areanum</span> <span class='ocrx_word' id='word_1_37' title='bbox 903 1190 1057 1241; x_wconf 76' lang='lat' dir='ltr'>reseraret.</span> <span class='ocrx_word' id='word_1_38' title='bbox 1109 1176 1253 1241; x_wconf 85' lang='lat' dir='ltr'>Auctore</span> <span class='ocrx_word' id='word_1_39' title='bbox 1286 1176 1374 1239; x_wconf 86' lang='lat' dir='ltr'>enim</span> 
     </span>
     <span class='ocr_line' id='line_1_9' title="bbox 212 1278 1374 1373; baseline 0.009 -31"><span class='ocrx_word' id='word_1_40' title='bbox 212 1278 328 1357; x_wconf 83' lang='lat' dir='ltr'>Plinio,</span> <span class='ocrx_word' id='word_1_41' title='bbox 358 1303 398 1345; x_wconf 89' lang='lat' dir='ltr'>rr.</span> <span class='ocrx_word' id='word_1_42' title='bbox 427 1286 480 1355; x_wconf 77' lang='lat'>67.</span> <span class='ocrx_word' id='word_1_43' title='bbox 516 1292 536 1321; x_wconf 74' lang='lat'>‘⁴</span> <span class='ocrx_word' id='word_1_44' title='bbox 555 1283 718 1351; x_wconf 83' lang='lat' dir='ltr'>Cornelius</span> <span class='ocrx_word' id='word_1_45' title='bbox 748 1284 860 1373; x_wconf 88' lang='lat' dir='ltr'>Nepos</span> <span class='ocrx_word' id='word_1_46' title='bbox 886 1288 925 1352; x_wconf 86' lang='lat' dir='ltr'>de</span> <span class='ocrx_word' id='word_1_47' title='bbox 955 1286 1204 1373; x_wconf 74' lang='lat' dir='ltr'>septemtrionali</span> <span class='ocrx_word' id='word_1_48' title='bbox 1233 1286 1374 1353; x_wconf 86' lang='lat' dir='ltr'>circuitu</span> 
     </span>
     <span class='ocr_line' id='line_1_10' title="bbox 211 1393 1376 1483; baseline 0.007 -27"><span class='ocrx_word' id='word_1_49' title='bbox 211 1393 315 1470; x_wconf 86' lang='lat' dir='ltr'>tradit,</span> <span class='ocrx_word' id='word_1_50' title='bbox 340 1394 461 1467; x_wconf 88' lang='lat' dir='ltr'>Quinto</span> <span class='ocrx_word' id='word_1_51' title='bbox 490 1396 633 1461; x_wconf 87' lang='lat' dir='ltr'>Metello·</span> <span class='ocrx_word' id='word_1_52' title='bbox 652 1396 765 1476; x_wconf 88' lang='lat' dir='ltr'>Celeri,</span> <span class='ocrx_word' id='word_1_53' title='bbox 788 1397 827 1461; x_wconf 91' lang='lat' dir='ltr'>L.</span> <span class='ocrx_word' id='word_1_54' title='bbox 850 1398 970 1463; x_wconf 80' lang='lat' dir='ltr'>Afranii</span> <span class='ocrx_word' id='word_1_55' title='bbox 994 1398 1025 1463; x_wconf 89' lang='lat' dir='ltr'>iu</span> <span class='ocrx_word' id='word_1_56' title='bbox 1050 1398 1213 1463; x_wconf 74' lang='lat' dir='ltr'>consulatu</span> <span class='ocrx_word' id='word_1_57' title='bbox 1236 1396 1376 1483; x_wconf 67' lang='lat' dir='ltr'>colleg:</span> 
     </span>
     <span class='ocr_line' id='line_1_11' title="bbox 211 1506 1374 1595; baseline 0.003 -26"><span class='ocrx_word' id='word_1_58' title='bbox 211 1506 367 1586; x_wconf 74' lang='lat' dir='ltr'>(corttules</span> <span class='ocrx_word' id='word_1_59' title='bbox 379 1509 463 1571; x_wconf 87' lang='lat' dir='ltr'>fuere</span> <span class='ocrx_word' id='word_1_60' title='bbox 475 1507 611 1573; x_wconf 77' lang='lat' dir='ltr'><strong>A.U.C.</strong></span> <span class='ocrx_word' id='word_1_61' title='bbox 626 1510 700 1581; x_wconf 80' lang='lat'><strong>694.</strong></span> <span class='ocrx_word' id='word_1_62' title='bbox 714 1508 802 1573; x_wconf 87' lang='lat' dir='ltr'><strong>A.C.</strong></span> <span class='ocrx_word' id='word_1_63' title='bbox 817 1512 886 1593; x_wconf 85' lang='lat'>61.)</span> <span class='ocrx_word' id='word_1_64' title='bbox 900 1510 952 1575; x_wconf 83' lang='lat' dir='ltr'>&#39;sed</span> <span class='ocrx_word' id='word_1_65' title='bbox 967 1523 1034 1574; x_wconf 84' lang='lat' dir='ltr'>tum</span> <span class='ocrx_word' id='word_1_66' title='bbox 1047 1508 1157 1575; x_wconf 77' lang='lat' dir='ltr'>Galliae</span> <span class='ocrx_word' id='word_1_67' title='bbox 1169 1510 1374 1595; x_wconf 76' lang='lat' dir='ltr'>proconsuli,</span> 
     </span>
     <span class='ocr_line' id='line_1_12' title="bbox 211 1602 1375 1707; baseline 0.003 -26"><span class='ocrx_word' id='word_1_68' title='bbox 211 1614 307 1683; x_wconf 87' lang='lat' dir='ltr'>lndos</span> <span class='ocrx_word' id='word_1_69' title='bbox 321 1616 339 1680; x_wconf 73' lang='lat' dir='ltr'>tl</span> <span class='ocrx_word' id='word_1_70' title='bbox 354 1644 426 1704; x_wconf 83' lang='lat' dir='ltr'>rego</span> <span class='ocrx_word' id='word_1_71' title='bbox 442 1602 612 1685; x_wconf 74' lang='lat' dir='ltr'>Succorum</span> <span class='ocrx_word' id='word_1_72' title='bbox 627 1621 710 1685; x_wconf 85' lang='lat' dir='ltr'>dono</span> <span class='ocrx_word' id='word_1_73' title='bbox 724 1622 824 1701; x_wconf 85' lang='lat' dir='ltr'>datos,</span> <span class='ocrx_word' id='word_1_74' title='bbox 838 1621 892 1707; x_wconf 91' lang='lat' dir='ltr'>qui</span> <span class='ocrx_word' id='word_1_75' title='bbox 907 1634 949 1687; x_wconf 76' lang='lat' dir='ltr'>er</span> <span class='ocrx_word' id='word_1_76' title='bbox 965 1620 1054 1686; x_wconf 77' lang='lat' dir='ltr'>ludit</span> <span class='ocrx_word' id='word_1_77' title='bbox 1072 1619 1255 1686; x_wconf 84' lang='lat' dir='ltr'>commercii</span> <span class='ocrx_word' id='word_1_78' title='bbox 1270 1622 1375 1685; x_wconf 62' lang='lat' dir='ltr'>musi</span> 
     </span>
     <span class='ocr_line' id='line_1_13' title="bbox 210 1729 1373 1818; baseline 0.002 -25"><span class='ocrx_word' id='word_1_79' title='bbox 210 1729 395 1813; x_wconf 76' lang='lat' dir='ltr'>navigantes,</span> <span class='ocrx_word' id='word_1_80' title='bbox 409 1732 642 1816; x_wconf 73' lang='lat' dir='ltr'>tempestatibus</span> <span class='ocrx_word' id='word_1_81' title='bbox 656 1746 757 1798; x_wconf 86' lang='lat' dir='ltr'>essent</span> <span class='ocrx_word' id='word_1_82' title='bbox 770 1733 801 1796; x_wconf 88' lang='lat' dir='ltr'>in</span> <span class='ocrx_word' id='word_1_83' title='bbox 816 1732 1016 1799; x_wconf 79' lang='lat' dir='ltr'>Germaniam</span> <span class='ocrx_word' id='word_1_84' title='bbox 1029 1730 1179 1818; x_wconf 83' lang='lat' dir='ltr'>abrepti.’&#39;</span> <span class='ocrx_word' id='word_1_85' title='bbox 1223 1732 1286 1796; x_wconf 82' lang='lat' dir='ltr'>sic</span> <span class='ocrx_word' id='word_1_86' title='bbox 1300 1746 1373 1795; x_wconf 80' lang='lat' dir='ltr'>ante</span> 
     </span>
     <span class='ocr_line' id='line_1_14' title="bbox 209 1826 1373 1929; baseline 0.003 -25"><span class='ocrx_word' id='word_1_87' title='bbox 209 1842 316 1926; x_wconf 81' lang='lat' dir='ltr'>viginti</span> <span class='ocrx_word' id='word_1_88' title='bbox 331 1844 517 1921; x_wconf 79' lang='lat' dir='ltr'>anuos,cbm</span> <span class='ocrx_word' id='word_1_89' title='bbox 528 1826 705 1908; x_wconf 83' lang='lat' dir='ltr'>Elisabetha</span> <span class='ocrx_word' id='word_1_90' title='bbox 716 1844 867 1927; x_wconf 85' lang='lat' dir='ltr'>Auguste,</span> <span class='ocrx_word' id='word_1_91' title='bbox 877 1844 1039 1929; x_wconf 89' lang='lat' dir='ltr'>imperium</span> <span class='ocrx_word' id='word_1_92' title='bbox 1054 1844 1220 1909; x_wconf 82' lang='lat' dir='ltr'>Russicum</span> <span class='ocrx_word' id='word_1_93' title='bbox 1232 1858 1373 1929; x_wconf 80' lang='lat' dir='ltr'>regeret,</span> 
     </span>
     <span class='ocr_line' id='line_1_15' title="bbox 205 1948 1373 2041; baseline 0 -21"><span class='ocrx_word' id='word_1_94' title='bbox 205 1948 411 2039; x_wconf 80' lang='lat' dir='ltr'>Japoneuscs,</span> <span class='ocrx_word' id='word_1_95' title='bbox 425 1956 604 2020; x_wconf 85' lang='lat' dir='ltr'>commercii</span> <span class='ocrx_word' id='word_1_96' title='bbox 617 1957 710 2021; x_wconf 78' lang='lat' dir='ltr'>cousi</span> <span class='ocrx_word' id='word_1_97' title='bbox 724 1956 907 2041; x_wconf 85' lang='lat' dir='ltr'>navigantes,</span> <span class='ocrx_word' id='word_1_98' title='bbox 921 1954 1154 2040; x_wconf 76' lang='lat' dir='ltr'>tempestatibus</span> <span class='ocrx_word' id='word_1_99' title='bbox 1172 1957 1317 2041; x_wconf 79' lang='lat' dir='ltr'>abrepti,</span> <span class='ocrx_word' id='word_1_100' title='bbox 1332 1958 1373 2020; x_wconf 80' lang='lat' dir='ltr'>ad</span> 
     </span>
     <span class='ocr_line' id='line_1_16' title="bbox 206 2066 1371 2153; baseline 0 -24"><span class='ocrx_word' id='word_1_101' title='bbox 206 2086 294 2130; x_wconf 84' lang='lat' dir='ltr'>oram</span> <span class='ocrx_word' id='word_1_102' title='bbox 317 2066 438 2151; x_wconf 87' lang='lat' dir='ltr'>imperii</span> <span class='ocrx_word' id='word_1_103' title='bbox 467 2067 603 2146; x_wconf 84' lang='lat' dir='ltr'>Russici,</span> <span class='ocrx_word' id='word_1_104' title='bbox 620 2067 838 2145; x_wconf 70' lang='lat' dir='ltr'>&#39;Kumcbutlrm</span> <span class='ocrx_word' id='word_1_105' title='bbox 864 2066 1023 2153; x_wconf 87' lang='lat' dir='ltr'>appulero,</span> <span class='ocrx_word' id='word_1_106' title='bbox 1049 2068 1130 2132; x_wconf 84' lang='lat' dir='ltr'>uode</span> <span class='ocrx_word' id='word_1_107' title='bbox 1151 2067 1371 2152; x_wconf 82' lang='lat' dir='ltr'>Petropolim,</span> 
     </span>
     <span class='ocr_line' id='line_1_17' title="bbox 207 2174 1372 2266; baseline 0.001 -24"><span class='ocrx_word' id='word_1_108' title='bbox 207 2174 412 2266; x_wconf 73' lang='lat' dir='ltr'>Pctmburg,</span> <span class='ocrx_word' id='word_1_109' title='bbox 435 2179 528 2257; x_wconf 84' lang='lat' dir='ltr'>missi,</span> <span class='ocrx_word' id='word_1_110' title='bbox 550 2182 590 2244; x_wconf 89' lang='lat' dir='ltr'>ab</span> <span class='ocrx_word' id='word_1_111' title='bbox 613 2178 792 2245; x_wconf 77' lang='lat' dir='ltr'>Elisabetbb</span> <span class='ocrx_word' id='word_1_112' title='bbox 810 2180 997 2244; x_wconf 86' lang='lat' dir='ltr'>bumauitnte</span> <span class='ocrx_word' id='word_1_113' title='bbox 1020 2179 1156 2246; x_wconf 77' lang='lat' dir='ltr'>maximi</span> <span class='ocrx_word' id='word_1_114' title='bbox 1180 2179 1315 2264; x_wconf 73' lang='lat' dir='ltr'>excepti</span> <span class='ocrx_word' id='word_1_115' title='bbox 1339 2192 1372 2242; x_wconf 91' lang='lat' dir='ltr'>et</span> 
     </span>
     <span class='ocr_line' id='line_1_18' title="bbox 177 2289 1370 2376; baseline -0.001 -21"><span class='ocrx_word' id='word_1_116' title='bbox 177 2294 188 2315; x_wconf 91' lang='lat'><em>&#39;</em></span> <span class='ocrx_word' id='word_1_117' title='bbox 205 2289 303 2355; x_wconf 83' lang='lat' dir='ltr'>babiti</span> <span class='ocrx_word' id='word_1_118' title='bbox 317 2304 397 2355; x_wconf 87' lang='lat' dir='ltr'>sont.</span> <span class='ocrx_word' id='word_1_119' title='bbox 420 2291 464 2355; x_wconf 83' lang='lat' dir='ltr'>At</span> <span class='ocrx_word' id='word_1_120' title='bbox 481 2290 562 2370; x_wconf 89' lang='lat' dir='ltr'>lndi,</span> <span class='ocrx_word' id='word_1_121' title='bbox 576 2290 713 2375; x_wconf 85' lang='lat' dir='ltr'>longiore</span> <span class='ocrx_word' id='word_1_122' title='bbox 725 2314 837 2371; x_wconf 86' lang='lat' dir='ltr'>errore,</span> <span class='ocrx_word' id='word_1_123' title='bbox 848 2314 909 2355; x_wconf 90' lang='lat' dir='ltr'>nou</span> <span class='ocrx_word' id='word_1_124' title='bbox 924 2292 1018 2356; x_wconf 84' lang='lat' dir='ltr'>modb</span> <span class='ocrx_word' id='word_1_125' title='bbox 1029 2292 1223 2376; x_wconf 83' lang='lat' dir='ltr'>Jopouenses</span> <span class='ocrx_word' id='word_1_126' title='bbox 1233 2289 1370 2371; x_wconf 81' lang='lat' dir='ltr'>insulas,</span> 
     </span>
     <span class='ocr_line' id='line_1_19' title="bbox 207 2400 1371 2490; baseline 0.002 -25"><span class='ocrx_word' id='word_1_127' title='bbox 207 2400 331 2488; x_wconf 82' lang='lat' dir='ltr'>Japun,</span> <span class='ocrx_word' id='word_1_128' title='bbox 352 2424 502 2490; x_wconf 83' lang='lat' dir='ltr'>oramque</span> <span class='ocrx_word' id='word_1_129' title='bbox 520 2402 640 2488; x_wconf 88' lang='lat' dir='ltr'>imperii</span> <span class='ocrx_word' id='word_1_130' title='bbox 665 2402 796 2484; x_wconf 85' lang='lat' dir='ltr'>Russici,</span> <span class='ocrx_word' id='word_1_131' title='bbox 823 2400 1034 2482; x_wconf 65' lang='lat' dir='ltr'>Konstantia,</span> <span class='ocrx_word' id='word_1_132' title='bbox 1055 2403 1108 2465; x_wconf 86' lang='lat' dir='ltr'>sed</span> <span class='ocrx_word' id='word_1_133' title='bbox 1129 2414 1162 2466; x_wconf 87' lang='lat' dir='ltr'>et</span> <span class='ocrx_word' id='word_1_134' title='bbox 1182 2400 1371 2467; x_wconf 78' lang='lat' dir='ltr'>orientales</span> 
     </span>
     <span class='ocr_line' id='line_1_20' title="bbox 205 2512 1371 2600; baseline 0 -22"><span class='ocrx_word' id='word_1_135' title='bbox 205 2535 243 2580; x_wconf 80' lang='lat' dir='ltr'>ac</span> <span class='ocrx_word' id='word_1_136' title='bbox 255 2512 531 2600; x_wconf 75' lang='lat' dir='ltr'>septemtrionales</span> <span class='ocrx_word' id='word_1_137' title='bbox 543 2514 672 2580; x_wconf 70' lang='lat' dir='ltr'>Siberis</span> <span class='ocrx_word' id='word_1_138' title='bbox 683 2528 716 2579; x_wconf 90' lang='lat' dir='ltr'>et</span> <span class='ocrx_word' id='word_1_139' title='bbox 726 2513 876 2600; x_wconf 80' lang='lat' dir='ltr'>Leponiae</span> <span class='ocrx_word' id='word_1_140' title='bbox 886 2537 965 2596; x_wconf 87' lang='lat' dir='ltr'>oras,</span> <span class='ocrx_word' id='word_1_141' title='bbox 979 2513 1114 2592; x_wconf 68' lang='lat' dir='ltr'>Siberis,</span> <span class='ocrx_word' id='word_1_142' title='bbox 1125 2513 1298 2578; x_wconf 70' lang='lat' dir='ltr'>Samoieds</span> <span class='ocrx_word' id='word_1_143' title='bbox 1305 2515 1371 2578; x_wconf 85' lang='lat' dir='ltr'>und</span> 
     </span>
     <span class='ocr_line' id='line_1_21' title="bbox 205 2623 1367 2713; baseline -0.002 -21"><span class='ocrx_word' id='word_1_144' title='bbox 205 2623 369 2713; x_wconf 81' lang='lat' dir='ltr'>anlond,</span> <span class='ocrx_word' id='word_1_145' title='bbox 383 2625 578 2691; x_wconf 84' lang='lat' dir='ltr'>circumvecti</span> <span class='ocrx_word' id='word_1_146' title='bbox 590 2627 628 2690; x_wconf 87' lang='lat' dir='ltr'>ad</span> <span class='ocrx_word' id='word_1_147' title='bbox 639 2627 812 2706; x_wconf 77' lang='lat' dir='ltr'>Oceanum,</span> <span class='ocrx_word' id='word_1_148' title='bbox 825 2649 968 2713; x_wconf 87' lang='lat' dir='ltr'>mareque</span> <span class='ocrx_word' id='word_1_149' title='bbox 984 2625 1160 2704; x_wconf 83' lang='lat' dir='ltr'>Suevicum,</span> <span class='ocrx_word' id='word_1_150' title='bbox 1171 2623 1226 2689; x_wconf 77' lang='lat' dir='ltr'>tbc</span> <span class='ocrx_word' id='word_1_151' title='bbox 1243 2625 1367 2706; x_wconf 78' lang='lat' dir='ltr'>Bellis,</span> 
     </span>
     <span class='ocr_line' id='line_1_22' title="bbox 205 2734 1368 2821; baseline 0.003 -21"><span class='ocrx_word' id='word_1_152' title='bbox 205 2737 337 2816; x_wconf 81' lang='lat' dir='ltr'>flexere3</span> <span class='ocrx_word' id='word_1_153' title='bbox 367 2738 447 2801; x_wconf 88' lang='lat' dir='ltr'>unde</span> <span class='ocrx_word' id='word_1_154' title='bbox 471 2734 490 2800; x_wconf 78' lang='lat' dir='ltr'>i</span> <span class='ocrx_word' id='word_1_155' title='bbox 515 2759 587 2821; x_wconf 76' lang='lat' dir='ltr'>rege</span> <span class='ocrx_word' id='word_1_156' title='bbox 607 2739 780 2803; x_wconf 78' lang='lat' dir='ltr'>Suanorum</span> <span class='ocrx_word' id='word_1_157' title='bbox 810 2736 917 2816; x_wconf 82' lang='lat' dir='ltr'>babiti,</span> <span class='ocrx_word' id='word_1_158' title='bbox 942 2739 1025 2800; x_wconf 91' lang='lat' dir='ltr'>douo</span> <span class='ocrx_word' id='word_1_159' title='bbox 1049 2736 1112 2802; x_wconf 88' lang='lat' dir='ltr'>dati</span> <span class='ocrx_word' id='word_1_160' title='bbox 1139 2751 1213 2801; x_wconf 85' lang='lat' dir='ltr'>sunt</span> <span class='ocrx_word' id='word_1_161' title='bbox 1237 2737 1368 2812; x_wconf 86' lang='lat' dir='ltr'>Quinto</span> 
     </span>
     <span class='ocr_line' id='line_1_23' title="bbox 204 2846 1367 2934; baseline 0.003 -22"><span class='ocrx_word' id='word_1_162' title='bbox 204 2847 343 2914; x_wconf 81' lang='lat' dir='ltr'>Metello</span> <span class='ocrx_word' id='word_1_163' title='bbox 358 2847 472 2926; x_wconf 83' lang='lat' dir='ltr'>Celeri,</span> <span class='ocrx_word' id='word_1_164' title='bbox 488 2847 599 2912; x_wconf 75' lang='lat' dir='ltr'>Gottioe</span> <span class='ocrx_word' id='word_1_165' title='bbox 613 2849 799 2934; x_wconf 77' lang='lat' dir='ltr'>proconsuli.</span> <span class='ocrx_word' id='word_1_166' title='bbox 837 2849 889 2914; x_wconf 92' lang='lat' dir='ltr'>Sic</span> <span class='ocrx_word' id='word_1_167' title='bbox 904 2871 993 2912; x_wconf 89' lang='lat' dir='ltr'>casus</span> <span class='ocrx_word' id='word_1_168' title='bbox 1003 2846 1087 2928; x_wconf 77' lang='lat' dir='ltr'>iecit,</span> <span class='ocrx_word' id='word_1_169' title='bbox 1099 2850 1181 2934; x_wconf 85' lang='lat' dir='ltr'>quod</span> <span class='ocrx_word' id='word_1_170' title='bbox 1195 2848 1217 2912; x_wconf 72' lang='lat' dir='ltr'>a</span> <span class='ocrx_word' id='word_1_171' title='bbox 1233 2847 1367 2916; x_wconf 70' lang='lat' dir='ltr'>Batavis</span> 
     </span>
     <span class='ocr_line' id='line_1_24' title="bbox 204 2957 1363 3046; baseline 0.001 -22"><span class='ocrx_word' id='word_1_172' title='bbox 204 2957 377 3046; x_wconf 78' lang='lat' dir='ltr'>Russisque</span> <span class='ocrx_word' id='word_1_173' title='bbox 390 2959 501 3044; x_wconf 79' lang='lat' dir='ltr'>nragnb</span> <span class='ocrx_word' id='word_1_174' title='bbox 513 2983 585 3024; x_wconf 88' lang='lat' dir='ltr'>cunr</span> <span class='ocrx_word' id='word_1_175' title='bbox 611 2959 701 3024; x_wconf 88' lang='lat' dir='ltr'>laude</span> <span class='ocrx_word' id='word_1_176' title='bbox 722 2972 883 3040; x_wconf 84' lang='lat' dir='ltr'>tentatum,</span> <span class='ocrx_word' id='word_1_177' title='bbox 905 2962 1040 3026; x_wconf 88' lang='lat' dir='ltr'>noudum</span> <span class='ocrx_word' id='word_1_178' title='bbox 1063 2959 1166 3024; x_wconf 84' lang='lat' dir='ltr'>tamen</span> <span class='ocrx_word' id='word_1_179' title='bbox 1183 2961 1363 3043; x_wconf 70' lang='lat' dir='ltr'>prestitum</span> 
     </span>
    </p>
   </div>
   <div class='ocr_carea' id='block_1_3' title="bbox 98 3069 1364 3150">
    <p class='ocr_par' dir='ltr' id='par_1_3' title="bbox 98 3069 1364 3150">
     <span class='ocr_line' id='line_1_25' title="bbox 98 3069 1364 3150; baseline 0 -14"><span class='ocrx_word' id='word_1_180' title='bbox 98 3095 103 3112; x_wconf 77' lang='lat'><strong><em>¹</em></strong></span> <span class='ocrx_word' id='word_1_181' title='bbox 204 3086 262 3136; x_wconf 80' lang='lat' dir='ltr'>cst.</span> <span class='ocrx_word' id='word_1_182' title='bbox 304 3069 401 3136; x_wconf 86' lang='lat' dir='ltr'>Tales</span> <span class='ocrx_word' id='word_1_183' title='bbox 422 3083 524 3134; x_wconf 85' lang='lat' dir='ltr'>autem</span> <span class='ocrx_word' id='word_1_184' title='bbox 547 3093 634 3136; x_wconf 81' lang='lat' dir='ltr'>caeru</span> <span class='ocrx_word' id='word_1_185' title='bbox 656 3095 736 3134; x_wconf 89' lang='lat' dir='ltr'>nuuc</span> <span class='ocrx_word' id='word_1_186' title='bbox 752 3071 896 3136; x_wconf 81' lang='lat' dir='ltr'>rarissimi</span> <span class='ocrx_word' id='word_1_187' title='bbox 918 3074 960 3135; x_wconf 92' lang='lat' dir='ltr'>ob</span> <span class='ocrx_word' id='word_1_188' title='bbox 981 3071 1110 3136; x_wconf 70' lang='lat' dir='ltr'>nautico</span> <span class='ocrx_word' id='word_1_189' title='bbox 1125 3071 1170 3134; x_wconf 87' lang='lat' dir='ltr'>rei</span> <span class='ocrx_word' id='word_1_190' title='bbox 1183 3069 1364 3150; x_wconf 83' lang='lat' dir='ltr'>scientiam,</span> 
     </span>
    </p>
   </div>
   <div class='ocr_carea' id='block_1_4' title="bbox 199 3180 1363 4269">
    <p class='ocr_par' dir='ltr' id='par_1_4' title="bbox 199 3180 1363 4269">
     <span class='ocr_line' id='line_1_26' title="bbox 204 3180 1363 3268; baseline 0 -22"><span class='ocrx_word' id='word_1_191' title='bbox 204 3194 340 3248; x_wconf 84' lang='lat' dir='ltr'>mutatos</span> <span class='ocrx_word' id='word_1_192' title='bbox 367 3205 522 3247; x_wconf 86' lang='lat' dir='ltr'>armorum</span> <span class='ocrx_word' id='word_1_193' title='bbox 550 3205 633 3262; x_wconf 87' lang='lat' dir='ltr'>osus,</span> <span class='ocrx_word' id='word_1_194' title='bbox 660 3195 692 3246; x_wconf 90' lang='lat' dir='ltr'>et</span> <span class='ocrx_word' id='word_1_195' title='bbox 710 3183 860 3268; x_wconf 65' lang='lat' dir='ltr'>&#39;politicas</span> <span class='ocrx_word' id='word_1_196' title='bbox 888 3180 1087 3267; x_wconf 89' lang='lat' dir='ltr'>imperiorum</span> <span class='ocrx_word' id='word_1_197' title='bbox 1116 3180 1211 3266; x_wconf 83' lang='lat' dir='ltr'>leges.</span> <span class='ocrx_word' id='word_1_198' title='bbox 1258 3183 1363 3262; x_wconf 88' lang='lat' dir='ltr'>Olim,</span> 
     </span>
     <span class='ocr_line' id='line_1_27' title="bbox 203 3293 1362 3379; baseline 0 -21"><span class='ocrx_word' id='word_1_199' title='bbox 203 3293 431 3359; x_wconf 84' lang='lat' dir='ltr'>audentioribus</span> <span class='ocrx_word' id='word_1_200' title='bbox 451 3294 597 3369; x_wconf 87' lang='lat' dir='ltr'>barbaris,</span> <span class='ocrx_word' id='word_1_201' title='bbox 620 3295 794 3379; x_wconf 78' lang='lat' dir='ltr'>frequentes</span> <span class='ocrx_word' id='word_1_202' title='bbox 813 3306 909 3370; x_wconf 87' lang='lat' dir='ltr'>eraut,</span> <span class='ocrx_word' id='word_1_203' title='bbox 923 3305 955 3357; x_wconf 91' lang='lat' dir='ltr'>et</span> <span class='ocrx_word' id='word_1_204' title='bbox 966 3305 1158 3370; x_wconf 83' lang='lat' dir='ltr'>eventorum,</span> <span class='ocrx_word' id='word_1_205' title='bbox 1171 3315 1244 3378; x_wconf 77' lang='lat' dir='ltr'>quse</span> <span class='ocrx_word' id='word_1_206' title='bbox 1265 3295 1362 3358; x_wconf 87' lang='lat' dir='ltr'>bodie</span> 
     </span>
     <span class='ocr_line' id='line_1_28' title="bbox 202 3401 1359 3490; baseline -0.001 -20"><span class='ocrx_word' id='word_1_207' title='bbox 202 3405 391 3470; x_wconf 86' lang='lat' dir='ltr'>incredibilia</span> <span class='ocrx_word' id='word_1_208' title='bbox 413 3406 559 3485; x_wconf 87' lang='lat' dir='ltr'>videntur,</span> <span class='ocrx_word' id='word_1_209' title='bbox 585 3407 711 3469; x_wconf 84' lang='lat' dir='ltr'>feraces.</span> <span class='ocrx_word' id='word_1_210' title='bbox 754 3405 851 3470; x_wconf 82' lang='lat' dir='ltr'>iuvat</span> <span class='ocrx_word' id='word_1_211' title='bbox 873 3405 946 3488; x_wconf 77' lang='lat' dir='ltr'>ergb</span> <span class='ocrx_word' id='word_1_212' title='bbox 969 3401 1150 3490; x_wconf 90' lang='lat' dir='ltr'>Usipiorum</span> <span class='ocrx_word' id='word_1_213' title='bbox 1174 3405 1359 3490; x_wconf 82' lang='lat' dir='ltr'>exemplum</span> 
     </span>
     <span class='ocr_line' id='line_1_29' title="bbox 202 3513 1359 3604; baseline -0.003 -22"><span class='ocrx_word' id='word_1_214' title='bbox 202 3517 372 3582; x_wconf 85' lang='lat' dir='ltr'>recentiore</span> <span class='ocrx_word' id='word_1_215' title='bbox 401 3517 598 3604; x_wconf 79' lang='lat' dir='ltr'>feliciorcque</span> <span class='ocrx_word' id='word_1_216' title='bbox 626 3516 815 3580; x_wconf 83' lang='lat' dir='ltr'>Francorum</span> <span class='ocrx_word' id='word_1_217' title='bbox 843 3513 988 3600; x_wconf 81' lang='lat' dir='ltr'>exemplo</span> <span class='ocrx_word' id='word_1_218' title='bbox 1022 3513 1214 3580; x_wconf 82' lang='lat' dir='ltr'>confirmare.</span> <span class='ocrx_word' id='word_1_219' title='bbox 1273 3515 1359 3579; x_wconf 86' lang='lat' dir='ltr'>illud</span> 
     </span>
     <span class='ocr_line' id='line_1_30' title="bbox 201 3622 1358 3712; baseline -0.002 -20"><span class='ocrx_word' id='word_1_220' title='bbox 201 3622 296 3692; x_wconf 80' lang='lat' dir='ltr'>babet</span> <span class='ocrx_word' id='word_1_221' title='bbox 310 3628 479 3694; x_wconf 83' lang='lat' dir='ltr'>Eumenius</span> <span class='ocrx_word' id='word_1_222' title='bbox 497 3629 529 3692; x_wconf 94' lang='lat' dir='ltr'>in</span> <span class='ocrx_word' id='word_1_223' title='bbox 549 3627 739 3712; x_wconf 82' lang='lat' dir='ltr'>Panegyrico</span> <span class='ocrx_word' id='word_1_224' title='bbox 755 3626 938 3706; x_wconf 86' lang='lat' dir='ltr'>Constantii,</span> <span class='ocrx_word' id='word_1_225' title='bbox 960 3649 1032 3710; x_wconf 91' lang='lat' dir='ltr'>cap.</span> <span class='ocrx_word' id='word_1_226' title='bbox 1052 3635 1100 3691; x_wconf 78' lang='lat' dir='ltr'>ts.</span> <span class='ocrx_word' id='word_1_227' title='bbox 1122 3633 1143 3664; x_wconf 88' lang='lat'>“</span> <span class='ocrx_word' id='word_1_228' title='bbox 1160 3625 1358 3690; x_wconf 74' lang='lat' dir='ltr'>Recursabat</span> 
     </span>
     <span class='ocr_line' id='line_1_31' title="bbox 202 3737 1355 3826; baseline -0.002 -22"><span class='ocrx_word' id='word_1_229' title='bbox 202 3737 317 3826; x_wconf 87' lang='lat' dir='ltr'>quippe</span> <span class='ocrx_word' id='word_1_230' title='bbox 339 3739 371 3804; x_wconf 87' lang='lat' dir='ltr'>iu</span> <span class='ocrx_word' id='word_1_231' title='bbox 396 3740 514 3804; x_wconf 75' lang='lat' dir='ltr'>animos</span> <span class='ocrx_word' id='word_1_232' title='bbox 536 3738 589 3804; x_wconf 88' lang='lat' dir='ltr'>illa</span> <span class='ocrx_word' id='word_1_233' title='bbox 611 3743 670 3804; x_wconf 88' lang='lat' dir='ltr'>sub</span> <span class='ocrx_word' id='word_1_234' title='bbox 694 3738 766 3802; x_wconf 90' lang='lat' dir='ltr'>divo</span> <span class='ocrx_word' id='word_1_235' title='bbox 782 3737 890 3802; x_wconf 90' lang='lat' dir='ltr'>Probo</span> <span class='ocrx_word' id='word_1_236' title='bbox 912 3752 944 3802; x_wconf 91' lang='lat' dir='ltr'>et</span> <span class='ocrx_word' id='word_1_237' title='bbox 966 3757 1138 3822; x_wconf 81' lang='lat' dir='ltr'>paucorum</span> <span class='ocrx_word' id='word_1_238' title='bbox 1158 3759 1199 3801; x_wconf 85' lang='lat' dir='ltr'>en</span> <span class='ocrx_word' id='word_1_239' title='bbox 1226 3737 1355 3802; x_wconf 85' lang='lat' dir='ltr'>Francis</span> 
     </span>
     <span class='ocr_line' id='line_1_32' title="bbox 201 3846 1353 3936; baseline -0.003 -20"><span class='ocrx_word' id='word_1_240' title='bbox 201 3851 394 3936; x_wconf 80' lang='lat' dir='ltr'>captivorum</span> <span class='ocrx_word' id='word_1_241' title='bbox 408 3850 594 3917; x_wconf 84' lang='lat' dir='ltr'>incredibilis</span> <span class='ocrx_word' id='word_1_242' title='bbox 610 3849 744 3928; x_wconf 82' lang='lat' dir='ltr'>audacia,</span> <span class='ocrx_word' id='word_1_243' title='bbox 769 3862 800 3914; x_wconf 90' lang='lat' dir='ltr'>et</span> <span class='ocrx_word' id='word_1_244' title='bbox 821 3849 943 3933; x_wconf 75' lang='lat' dir='ltr'>indigna</span> <span class='ocrx_word' id='word_1_245' title='bbox 965 3847 1105 3928; x_wconf 80' lang='lat' dir='ltr'>felicitas,</span> <span class='ocrx_word' id='word_1_246' title='bbox 1127 3846 1181 3934; x_wconf 91' lang='lat' dir='ltr'>qni</span> <span class='ocrx_word' id='word_1_247' title='bbox 1203 3849 1224 3910; x_wconf 76' lang='lat' dir='ltr'>b</span> <span class='ocrx_word' id='word_1_248' title='bbox 1246 3847 1353 3912; x_wconf 89' lang='lat' dir='ltr'>Ponto</span> 
     </span>
     <span class='ocr_line' id='line_1_33' title="bbox 199 3958 1352 4049; baseline -0.003 -23"><span class='ocrx_word' id='word_1_249' title='bbox 199 3985 297 4049; x_wconf 81' lang='lat' dir='ltr'>usquc</span> <span class='ocrx_word' id='word_1_250' title='bbox 310 3963 460 4048; x_wconf 82' lang='lat' dir='ltr'>correptis</span> <span class='ocrx_word' id='word_1_251' title='bbox 475 3962 613 4040; x_wconf 80' lang='lat' dir='ltr'>naribus,</span> <span class='ocrx_word' id='word_1_252' title='bbox 628 3961 795 4040; x_wconf 78' lang='lat' dir='ltr'>Graciam,</span> <span class='ocrx_word' id='word_1_253' title='bbox 810 3961 978 4044; x_wconf 85' lang='lat' dir='ltr'>Asiamque</span> <span class='ocrx_word' id='word_1_254' title='bbox 990 3958 1140 4045; x_wconf 88' lang='lat' dir='ltr'>populati,</span> <span class='ocrx_word' id='word_1_255' title='bbox 1153 3979 1211 4022; x_wconf 89' lang='lat' dir='ltr'>nec</span> <span class='ocrx_word' id='word_1_256' title='bbox 1222 3959 1352 4046; x_wconf 71' lang='lat' dir='ltr'>imponi</span> 
     </span>
     <span class='ocr_line' id='line_1_34' title="bbox 199 4067 1351 4164; baseline -0.003 -26"><span class='ocrx_word' id='word_1_257' title='bbox 199 4073 355 4161; x_wconf 87' lang='lat' dir='ltr'>plerisque</span> <span class='ocrx_word' id='word_1_258' title='bbox 372 4074 478 4159; x_wconf 75' lang='lat' dir='ltr'>libyae</span> <span class='ocrx_word' id='word_1_259' title='bbox 491 4072 645 4138; x_wconf 86' lang='lat' dir='ltr'>littoribus</span> <span class='ocrx_word' id='word_1_260' title='bbox 658 4071 794 4157; x_wconf 89' lang='lat' dir='ltr'>appulsi,</span> <span class='ocrx_word' id='word_1_261' title='bbox 813 4072 893 4156; x_wconf 86' lang='lat' dir='ltr'>ipsas</span> <span class='ocrx_word' id='word_1_262' title='bbox 907 4071 1064 4164; x_wconf 77' lang='lat' dir='ltr'>postremi)</span> <span class='ocrx_word' id='word_1_263' title='bbox 1077 4067 1238 4134; x_wconf 78' lang='lat' dir='ltr'>navalibus</span> <span class='ocrx_word' id='word_1_264' title='bbox 1252 4091 1351 4157; x_wconf 82' lang='lat' dir='ltr'>quou-</span> 
     </span>
     <span class='ocr_line' id='line_1_35' title="bbox 199 4181 1346 4269; baseline -0.006 -18"><span class='ocrx_word' id='word_1_265' title='bbox 199 4187 271 4251; x_wconf 83' lang='lat' dir='ltr'>dnm</span> <span class='ocrx_word' id='word_1_266' title='bbox 300 4186 432 4251; x_wconf 84' lang='lat' dir='ltr'>victoriis</span> <span class='ocrx_word' id='word_1_267' title='bbox 461 4183 582 4250; x_wconf 86' lang='lat' dir='ltr'>nobiles</span> <span class='ocrx_word' id='word_1_268' title='bbox 608 4198 752 4269; x_wconf 85' lang='lat' dir='ltr'>ceperant</span> <span class='ocrx_word' id='word_1_269' title='bbox 781 4185 958 4267; x_wconf 86' lang='lat' dir='ltr'>Syracusas,</span> <span class='ocrx_word' id='word_1_270' title='bbox 990 4195 1024 4247; x_wconf 91' lang='lat' dir='ltr'>et</span> <span class='ocrx_word' id='word_1_271' title='bbox 1057 4181 1208 4246; x_wconf 86' lang='lat' dir='ltr'>immenso</span> <span class='ocrx_word' id='word_1_272' title='bbox 1242 4181 1346 4245; x_wconf 79' lang='lat' dir='ltr'>itinere</span> 
     </span>
    </p>
   </div>
   <div class='ocr_carea' id='block_1_5' title="bbox 198 4293 1374 4434">
    <p class='ocr_par' dir='ltr' id='par_1_5' title="bbox 198 4293 1374 4434">
     <span class='ocr_line' id='line_1_36' title="bbox 198 4293 1344 4384; baseline -0.001 -23"><span class='ocrx_word' id='word_1_273' title='bbox 198 4297 333 4383; x_wconf 82' lang='lat' dir='ltr'>pervecti</span> <span class='ocrx_word' id='word_1_274' title='bbox 349 4298 523 4375; x_wconf 87' lang='lat' dir='ltr'>Oceanum,</span> <span class='ocrx_word' id='word_1_275' title='bbox 538 4295 600 4384; x_wconf 73' lang='lat' dir='ltr'>qui</span> <span class='ocrx_word' id='word_1_276' title='bbox 613 4309 706 4360; x_wconf 86' lang='lat' dir='ltr'>terras</span> <span class='ocrx_word' id='word_1_277' title='bbox 721 4294 840 4381; x_wconf 89' lang='lat' dir='ltr'>irrupit,</span> <span class='ocrx_word' id='word_1_278' title='bbox 855 4293 1053 4360; x_wconf 80' lang='lat' dir='ltr'>intraverant:</span> <span class='ocrx_word' id='word_1_279' title='bbox 1074 4305 1167 4380; x_wconf 84' lang='lat' dir='ltr'>atque</span> <span class='ocrx_word' id='word_1_280' title='bbox 1180 4293 1226 4359; x_wconf 86' lang='lat' dir='ltr'>ita</span> <span class='ocrx_word' id='word_1_281' title='bbox 1237 4309 1344 4360; x_wconf 78' lang='lat' dir='ltr'>evento</span> 
     </span>
     <span class='ocr_line' id='line_1_37' title="bbox 1356 4399 1374 4434; baseline 0 0"><span class='ocrx_word' id='word_1_282' title='bbox 1356 4399 1374 4434; x_wconf 70' lang='grc' dir='ltr'><em>δ</em></span> 
     </span>
    </p>
   </div>
   <div class='ocr_carea' id='block_1_6' title="bbox 0 0 1434 4950">
    <p class='ocr_par' dir='ltr' id='par_1_6' title="bbox 0 0 1434 4950">
     <span class='ocr_line' id='line_1_38' title="bbox 0 0 1434 4950; baseline 0 4"><span class='ocrx_word' id='word_1_283' title='bbox 0 0 1434 4950; x_wconf 95' lang='lat' dir='ltr'> </span> 
     </span>
    </p>
   </div>
  </div>
 </body>
</html>
