2859 4950
270 310 330 367 3⁸⁸
473 304 477 311 '
745 238 959 361 At’i’nuutx
1200 304 1236 361 Α.
1244 302 1313 363 U.C.
1322 308 1367 364 tu.

266 478 406 537 noctem
421 473 562 558 egerant
573 459 606 529 :¹
630 452 744 553 primo
761 456 927 544 diluculo,
953 470 1055 553 caput
1072 454 1172 529 lauro
1187 456 1328 549 redimi,
1348 482 1368 534 et

269 573 452 676 purpureis
467 573 576 645 induti
592 573 755 663 vestibus,
781 572 817 644 in
835 572 988 647 Octaviae
1011 572 1208 669 porticum²
1243 599 1372 671 processe·

271 710 377 765 runt:
414 715 474 761 eos
500 708 648 777 senatus,
673 689 868 785 praecipuus
899 688 1045 787 quisque
1077 688 1373 787 magimtuumet

271 826 429 904 equester
445 807 533 877 ordo
549 801 695 901 excepit.
748 806 798 876 Ut
811 802 847 874 in
863 802 1022 877 tribunali
1035 808 1043 846 ¹
1070 804 1291 901 eburneisque
1314 804 1374 877 sells

272 922 473 1009 consedere,
498 922 637 993 laureati
655 938 689 991 et
705 920 837 992 sericati
866 920 1013 993 milites⁴
1037 922 1143 993 solitis
1168 920 1375 992 adclamationi-

271 1038 338 1111 bus
363 1038 609 1133 imperatorum
638 1034 779 1107 uirtutes
806 1035 989 1107 attollunt:
1033 1060 1132 1123 mox,
1156 1032 1249 1107 facto
1270 1034 1374 1129 silentio,

260 1153 513 1249 vespasianus,
536 1151 648 1223 velato
663 1150 786 1246 capite,
810 1151 981 1223 solemnes
994 1175 1112 1247 preces
1125 1148 1294 1246 concipit;
1316 1148 1375 1219 iden

272 1294 415 1365 quoque
426 1285 583 1363 precatus
599 1286 650 1339 est
665 1266 776 1339 Titus.
827 1268 922 1339 Tum
940 1266 1180 1361 Vespasianus,
1204 1264 1376 1337 adsistentem

272 1383 476 1456 concionem
491 1383 610 1479 paucis
624 1383 817 1470 adlocutus,
842 1382 964 1453 milites
980 1382 1024 1453 ad
1041 1398 1199 1478 paratum
1214 1380 1377 1477 prandium

273 1498 422 1569 dimittit.
448 1500 524 1593 lpse
539 1522 622 1571 cum
637 1497 708 1569 filio
719 1498 762 1571 ad
779 1496 1021 1593 triumphalem
1037 1492 1198 1593 pomm⁶
1222 1518 1375 1593 regressus

272 1610 321 1688 ibi
337 1632 415 1709 pou
430 1602 541 1684 levent
557 1612 687 1717 cilium,
712 1614 935 1711 triumphales
950 1618 1083 1687 vestes⁷
1108 1612 1280 1701 iuduunt3
1305 1608 1376 1681 cesis

273 1756 344 1827 que
355 1746 433 1801 ante
448 1729 558 1815 Deos,
573 1728 618 1800 ad
629 1746 766 1826 portam
777 1724 974 1817 adstantes,⁸
990 1727 1147 1818 victimis,
1165 1727 1269 1825 coepit
1278 1746 1377 1823 ponpa,

274 1862 438 1943 apparatu
452 1844 612 1917 maxima.
1008 1840 1013 1859 '

323 2089 385 2153 51.
411 2078 456 2150 lu
472 2078 539 2151 hic
551 2076 644 2151 enim
659 2078 792 2176 imperii
808 2106 904 2178 pace,
929 2078 1059 2153 subacti
1076 2076 1169 2151 orbis
1182 2100 1275 2175 opes,
1290 2069 1377 2143 artium

273 2192 451 2283 miracuta,
491 2211 623 2267 naturae
664 2220 742 2267 rara
780 2220 931 2293 quaeque
971 2210 1137 2267 ostentata
1152 2197 1191 2265 :⁹
1239 2201 1377 2287 praevecu

274 2335 415 2408 quoque
443 2310 619 2383 immeusae
635 2335 889 2408 purpurarum
914 2308 1169 2408 Babylonicive
1184 2323 1257 2380 erte
1268 2310 1291 2338 ¹⁰
1310 2302 1378 2399 picta·

318 2543 329 2580 ¹
368 2545 489 2608 Noctem
523 2553 649 2622 egerunt.
705 2545 819 2611 Relicto
913 2543 1253 2620 'Purutuntprnrdium
1279 2539 1377 2596 Dentre

275 2624 394 2706 palatio,
415 2637 527 2682 noctem
541 2627 580 2681 tbi
595 2636 717 2699 egtuant.
758 2627 820 2684 Tri·
874 2627 1013 2684 militibus
1043 2637 1177 2702 puratum
1203 2625 1238 2678 ab
1268 2621 1376 2693 imperau-

277 2706 443 2782 umphatuti
458 2706 533 2762 enim
554 2725 589 2761 ex
606 2707 682 2763 Urbe
697 2707 819 2783 egredie-
874 2708 953 2764 ribus
968 2708 1132 2782 prandium.
1171 2701 1284 2776 loseph.
1301 2695 1372 2784 iliu

277 2786 392 2853 buntur,
418 2797 449 2842 ut
470 2806 532 2842 eam
550 2798 660 2862 postero
671 2787 716 2844 die
731 2787 821 2864 ingre·
915 2779 928 2814 ⁶
951 2786 1153 2862 Triumphalem
1166 2779 1282 2861 phrttrut.
1312 2770 1371 2841 Qui·

277 2865 409 2921 dotentur
423 2866 639 2941 triumphantes.
872 2887 978 2944 cumpo
994 2865 1102 2923 Martio
1117 2867 1144 2922 in
1168 2865 1270 2921 [rbem
1281 2857 1375 2939 subibant

289 2953 296 2970 “
315 2941 330 2969 ²
345 2944 379 3000 ln
392 2943 516 3003 Octauio
523 2947 670 3022 porticum.
679 2946 821 3020 Octauia),
873 2947 1091 3025 triumphantes,
1133 2947 1220 3001 l‘ottu
1243 2942 1288 2999 illu
1308 2937 1346 2992 luit
1360 2951 1374 2984 u

276 3025 378 3082 sororis
392 3027 527 3102 Augusti,
550 3028 676 3102 porticus
690 3027 745 3084 fuit
769 3029 818 3083 ubi
873 3029 958 3084 veteri
983 3027 1068 3084 Urbis
1088 3045 1179 3094 muru,
1211 3026 1279 3081 inter
1298 3017 1376 3091 Capito

276 3123 355 3164 nune
381 3107 411 3164 S.
438 3107 538 3186 trigeti
561 3105 691 3174 ecclesia,
722 3107 820 3166 Clirsu
875 3107 946 3166 lium
969 3118 996 3164 et
1019 3107 1156 3172 Tiberim,
1177 3125 1263 3182 prope
1282 3103 1375 3158 Cannu·

276 3187 350 3245 tlt‘S.
366 3186 489 3263 Angiolo
507 3185 538 3242 in
554 3187 711 3245 Pescleria.
756 3188 820 3243 llla-
874 3187 1093 3264 taleutpottaut.
1135 3181 1374 3242 Posteitciunltut·

275 3281 401 3344 nentque
422 3267 517 3322 adhuc
539 3267 641 3323 rudera
665 3269 693 3323 in
720 3267 820 3324 vicinis
876 3268 969 3325 liunus
984 3285 1078 3324 mutos
1093 3266 1175 3324 Urbis
1190 3261 1318 3324 <liutans
1333 3266 1372 3308 tun

275 3347 357 3404 locis.
393 3347 484 3403 Extat
497 3358 593 3402 autern
607 3349 669 3420 ejus
682 3349 820 3404 memoria
875 3361 951 3404 trans
985 3347 1112 3416 'l'ibttitn
1147 3360 1261 3403 nocturn
1293 3337 1372 3418 agebant

277 3427 308 3485 in
335 3427 474 3484 veteribus
498 3425 582 3484 Urbis
608 3427 820 3502 ichnographia*
876 3428 1100 3504 triuutpltuntes3
1135 3446 1205 3504 pons
1219 3435 1335 3504 portuque
1346 3427 1372 3465 tt·

276 3507 449 3582 frngtuentis.
461 3525 525 3582 quae
538 3507 566 3563 in
581 3508 687 3582 templo
704 3508 818 3564 Romuli
878 3508 1020 3584 utnphalis
1029 3507 1105 3564 luere
1116 3507 1203 3584 poulo
1213 3525 1289 3582 supra
1298 3495 1371 3555 nutu

276 3599 388 3663 reperta
417 3602 493 3654 sunt,
528 3605 606 3643 nunc
647 3588 676 3644 iu
711 3589 821 3644 oedibus
875 3606 924 3649 suu
958 3588 1114 3656 tumulum,
1163 3584 1285 3654 tltlriuni,
1324 3587 1369 3631 uun·

277 3667 449 3742 Capitolinis
459 3669 756 3726 adsumantur-»C
769 3669 821 3726 VS
878 3665 975 3724 Costel
994 3667 1024 3724 S.
1041 3667 1173 3744 rlngiolu.

277 3746 306 3805 Ο
316 3747 339 3803 C
350 3749 376 3804 Τ
385 3751 409 3804 Α
418 3747 443 3802 V
458 3747 505 3804 {A
518 3749 552 3805 E.
918 3745 929 3778 ⁷
946 3747 1137 3823 Triumphales
1149 3757 1244 3805 testes.
1258 3745 1323 3799 ,luto
1332 3749 1369 3810 pu·
1383 3791 1384 3794 ,

317 3820 329 3855 ³
366 3828 402 3882 Iu
440 3827 584 3887 tribunali.
642 3826 730 3894 Quod
758 3840 822 3884 antu
877 3821 1371 3904 puraqueintextotriumphaturus

277 3907 412 3964 Octaviae
427 3908 822 3982 porticumfueratexstruc·
879 3909 952 3965 Vide
978 3928 1066 3986 supra
1092 3909 1198 3968 Annul.
1231 3925 1251 3963 1.
1275 3903 1367 3958 tun-t

277 3996 351 4044 tum.
390 3987 504 4063 loseph.
520 3988 591 4049 ibid.
606 4008 636 4044 n.
651 3995 680 4043 4.
879 3989 930 4046 ius.

316 4061 331 4097 ⁴
352 4063 473 4123 Sericotr'
485 4067 595 4125 milites.
622 4065 737 4143 loseph.
750 4065 820 4121 ibid.
919 4062 930 4095 ⁸
952 4067 1001 4124 Ad
1011 4077 1122 4144 portum
1134 4066 1276 4122 adstantes.
1292 4047 1367 4139 Joffllg

274 4147 355 4226 Xuglt
382 4143 464 4202 δ’τλοι
486 4141 547 4212 ἦσαν
571 4147 676 4208 iridem
701 4149 823 4224 ragineis,
879 4147 936 4205 loc.
957 4147 1007 4204 cit.
1051 4151 1109 4210 τοῖς
1132 4168 1158 4202 τι
1181 4135 1366 4226 xagtlgvpiuu'l

275 4223 463 4299 ὐπφιυϋμίνοι
482 4221 597 4295 divion.
639 4225 823 4284 Mililtsat'nc
879 4223 1080 4306 πῧλῃθῦαπίς
1091 4227 1164 4290 danis.

276 4306 362 4362 armis
375 4315 455 4362 crunt
468 4307 560 4365 induti
571 4307 692 4368 vestibus
712 4308 821 4378 sericis,
920 4307 934 4342 ⁹
955 4307 1115 4366 Ostentum.
1135 4305 1247 4384 loseph.
1259 4299 1313 4360 ibid.
1323 4293 1364 4348 ul·

277 4385 406 4443 coronati
419 4388 508 4446 lauro.
701 4380 710 4398 ⁸
920 4384 947 4416 ¹⁰
966 4385 1174 4466 Babylonicum
1200 4395 1264 4447 ατη.
1297 4376 1320 4438 ld
1337 4379 1365 4430 ot.
