2859 4950
73 342 209 410 noso.
375 337 485 398 unm
506 334 924 400 oemv1nuunmuu.
1147 294 1223 442 ,¹29⁸

72 507 192 595 “que
223 491 410 585 Palatinis,¹
439 496 513 594 ejus
545 491 738 567 clementiae
770 492 1019 585 sacrificarent3
1050 516 1223 597 aureaque

73 616 196 712 “ejus
225 610 354 710 effigies
387 607 424 683 in
450 608 648 707 capitolium
677 609 874 698 veheretur,
908 608 1080 683 nobilibus
1107 612 1223 711 pueris

72 738 95 773 “
117 729 271 828 hynmos
302 724 577 801 concinentibus:
603 724 769 823 Princeps
797 726 923 815 redux,
949 726 1100 817 Urbem,
1126 730 1222 827 quasi

72 854 96 889 “
119 843 263 919 deuictis
278 843 447 930 hostibus,
464 840 723 915 ovans.iniret.’'
760 842 847 915 Haec
858 841 1028 915 seruitutis
1038 844 1222 937 dedecora,

69 961 291 1061 gliscentibus
316 958 462 1058 posthinc
490 958 657 1056 Principis
682 956 928 1052 atrocitatibus,
954 982 1091 1057 semper
1117 961 1223 1037 aucti·

67 1095 146 1152 tata·

114 1318 152 1383 9.
179 1314 243 1383 Ar
275 1310 393 1400 Caius,
420 1310 520 1383 laetus
545 1306 655 1381 Urbis
679 1324 714 1379 et
730 1306 871 1381 senatds
886 1304 1084 1399 formidine,
1100 1307 1222 1385 obvios

67 1429 219 1500 bonores
248 1451 424 1523 spernere,
457 1442 505 1512 et,
533 1441 573 1496 ut
600 1422 849 1497 levissimarum
877 1440 928 1497 est
961 1423 1143 1513 mentium,
1176 1426 1221 1499 ad

65 1560 264 1640 portentosa
288 1542 471 1640 adspirare.
522 1539 651 1613 Xerxis
677 1537 920 1613 aemulatione²
958 1539 1142 1630 incertum,
1174 1562 1222 1618 an

65 1662 111 1731 ad
133 1658 332 1733 Germaniae
361 1675 396 1729 et
424 1654 625 1745 Britanniae,
641 1655 767 1752 quibus
793 1654 1008 1746 imminebat,
1023 1662 1220 1747 terrorem,3

63 1802 141 1863 seu,
153 1776 250 1873 quod
265 1774 444 1847 interiores
459 1772 559 1846 aulici
571 1772 768 1871 prodidere,
782 1789 821 1845 ut
836 1798 940 1847 restas
956 1797 1029 1847 esse
1045 1772 1221 1871 Thrasylli
1306 1768 1308 1775 ’

64 1890 319 1981 hariolationes,
335 1916 441 1987 seque
457 1889 652 1988 Principem
663 1915 757 1963 novo
769 1890 850 1963 artis
861 1889 1028 1963 uriraculo
1044 1890 1221 1987 probaret,

65 2007 230 2081 Baiarum
246 2006 401 2079 medium
416 2004 659 2079 intervallum⁴
682 2006 888 2080 Puteolanas
903 2008 948 2081 nd
961 2006 1088 2079 moles⁵
1113 2005 1220 2079 trium

66 2124 214 2197 nullium
230 2141 266 2197 et
292 2117 557 2197 sexcentorum⁶
579 2120 654 2195 fere
681 2144 845 2220 passuum
871 2139 977 2221 ponte
1008 2124 1221 2223 conjungere

65 2242 250 2339 adgressus
265 2258 327 2314 est.
750 2262 753 2269 ’

118 2499 176 2560 10.
206 2489 314 2560 Orus
341 2458 470 2585 quanto
493 2484 721 2561 insanior-ibus
749 2483 869 2558 studiis
897 2499 1109 2580 susceptum,
1125 2444 1250 2554 tanto*⁹

63 2603 254 2676 acrioribus
269 2604 547 2701 deproperatum.
599 2599 768 2698 Undique
790 2618 941 2674 evocatae
958 2623 1094 2697 operae5
1120 2619 1220 2674 caesae
1336 2625 1340 2632 ·

107 2877 119 2904 ¹
142 2877 287 2955 Latiisque
305 2877 455 2938 Palatinis.
496 2879 543 2938 De
556 2883 621 2958 qui·
675 2885 814 2947 ratarum,
827 2875 908 2954 qudm
919 2897 971 2952 per
985 2871 1223 2953 Bujnnumsinum

71 2965 123 3020 bus
136 2959 227 3038 plum
238 2959 313 3016 infra
320 2980 385 3036 cap.
398 2957 447 3028 76.
674 2959 751 3036 equis
766 2958 965 3016 disserturum.

106 3037 120 3065 ²
141 3041 250 3098 Xersis
284 3042 466 3100 oemnlutione.
520 3041 617 3111 Quam
713 3035 884 3096 4Βιιίανιιηι
898 3037 1013 3096 inedium
1034 3033 1223 3096 interuallum.

58 3123 179 3199 furiosi,
213 3122 383 3190 etrrtrrni
406 3131 434 3178 ct
465 3121 618 3199 irffeliciter
675 3119 720 3178 lta
734 3119 898 3188 Suetonius,
911 3118 967 3175 loc.
980 3120 1030 3176 cit.
1071 3117 1157 3175 Errat
1175 3111 1224 3170 Jo-

66 3203 179 3280 superbi
207 3201 284 3278 regie
320 3202 506 3259 imitationem
543 3203 618 3260 dixit
672 3191 1223 3278 sephusnntiqdudaicmxx.neum

66 3289 185 3351 Seneca,
198 3283 233 3339 de
246 3282 392 3341 Breuitate
408 3283 436 3340 V
434 3283 490 3353 itu,
503 3300 599 3341 xrnr.
674 3277 790 3358 pontem
805 3281 842 3336 ab
864 3281 932 3336 urbe
955 3275 1147 3348 Dicaearchid,
1166 3273 1224 3330 sive

107 3360 119 3394 ³
143 3363 303 3421 Terrorem.
345 3363 463 3420 Sueten.
486 3364 516 3422 in
536 3363 619 3433 Caio,
675 3360 813 3428 Puteolis,
828 3359 865 3416 ad
880 3362 979 3415 urbem
994 3359 1138 3416 Misenum
1153 3354 1224 3411 duc·

69 3463 142 3502 xix.
186 3442 252 3502 Scio
273 3443 418 3520 plerosque
439 3441 620 3517 eristimdsse,
675 3452 737 3500 tum
757 3441 867 3499 scribit.
909 3441 993 3496 llrtut
1018 3457 1135 3515 quoque.
1157 3435 1225 3504 Dio,

67 3527 152 3582 telem
173 3525 191 3582 a
214 3521 284 3581 Ceio
301 3533 412 3600 pontem
433 3525 619 3602 excogitatum
638 3587 642 3591 ,
678 3541 748 3580 nix.
763 3518 871 3598 puta.
894 3519 961 3577 cbm
975 3519 1096 3578 affirmat
1109 3529 1224 3596 pontem

68 3605 243 3664 emulatione
253 3604 366 3672 Xersis,
380 3605 428 3681 qui
437 3606 557 3664 norisine
571 3607 621 3663 au·
677 3613 853 3660 constratum
870 3599 955 3658 luisse
970 3599 1102 3660 Puteolos
1113 3603 1227 3674 intumet

69 3686 218 3743 nutatione
253 3685 400 3762 aliquanto
432 3685 621 3763 angustiorem
677 3681 795 3741 Baulos.
849 3679 934 3738 Bauli
962 3683 1036 3740 enim
1065 3701 1120 3740 non
1148 3685 1226 3742 fuere

69 3765 528 3844 Hellespontumcontululumrit.·
541 3765 621 3836 alios,
677 3761 813 3820 Puteolos
826 3761 900 3818 inter
919 3773 948 3819 et
963 3763 1059 3834 Baias;
1080 3765 1128 3820 sed
1153 3767 1226 3824 inter

70 3857 100 3903 ut
142 3847 325 3905 Gemonium
363 3854 390 3901 et
430 3846 620 3914 Britanniam,
678 3843 765 3902 Baias
785 3843 1052 3920 etpromontorium
1068 3845 1226 3906 Misenum.

70 3928 167 4002 quibus
184 3927 352 3997 imminebat,
366 3927 487 4004 alicujus
499 3927 621 3986 immensi
677 3925 755 3982 Vide
767 3924 871 3982 A'uual.
886 3942 954 3982 xlv.
967 3927 997 3982 4.

69 4006 160 4082 operis
169 4007 257 4087 jnmtl
269 4009 429 4066 territaret.
470 4005 618 4066 Sedunum
719 4003 922 4064 ⁵Puteolunus
935 4005 972 4062 ud
990 4005 1083 4064 moles.
1124 4007 1228 4064 Puteo·

70 4109 155 4146 utrum
184 4098 349 4147 narrantem
371 4107 442 4163 puer
466 4087 619 4156 audiebam,
677 4086 750 4144 lanu
771 4086 828 4144 illae
850 4077 975 4143 molesb'
999 4087 1072 4144 Ceio
1092 4085 1229 4164 Caligula

71 4190 180 4228 (nusum
200 4171 291 4246 operis
308 4171 342 4228 ab
357 4167 536 4227 interioribus
550 4169 620 4226 auli·
677 4187 734 4225 uon
744 4179 811 4226 sunt
823 4167 955 4226 condite.
997 4167 1096 4226 Multo
1111 4169 1178 4227 autb
1190 4169 1228 4227 ad

70 4250 273 4325 eisproditom,
294 4247 366 4326 quid
387 4249 622 4328 Thrasyllusme·
678 4248 870 4306 muniendum¹
911 4257 1026 4326 portum
1076 4260 1228 4308 exstructae

73 4331 248 4400 tlemeticur,
261 4331 343 4389 eurio
358 4329 390 4387 de
402 4349 559 4388 successore
574 4327 621 4386 Ti·
677 4330 799 4387 fueraut.

71 4411 154 4483 derio,
165 4420 194 4468 ct
206 4413 234 4483 in
243 4432 337 4469 oerum
348 4421 471 4487 nepotem
481 4410 621 4488 proniori,
717 4401 731 4436 ⁶
755 4409 851 4468 Trium
864 4409 979 4468 millium
992 4417 1021 4468 et
1030 4420 1228 4472 tercentorum.

72 4491 245 4566 (dimiteret,
257 4513 313 4554 non
325 4492 414 4570 neugio
428 4489 524 4552 Caium
538 4491 622 4570 impe·
679 4489 798 4550 Sueton.
809 4489 866 4550 loc.
877 4491 928 4550 cit.
