2859 4950
258 306 318 371 me
629 288 666 353 c.
686 288 885 351 conuccu
906 290 1043 353 racrrt

252 452 335 553 quia
358 472 430 525 non
451 444 643 548 peripsum
668 443 771 534 stetit,
796 445 985 543 quonanos
1013 445 1162 523 laetitiam
1187 448 1380 551 nitoremque

253 587 452 644 nostrorum
468 582 665 661 temporum
677 560 903 657 exprimeret:
920 562 1121 655 uiderimus,
1132 566 1295 665 inquam,¹
1307 570 1379 666 judi.

252 686 309 761 cio
326 686 399 784 ejus
414 681 465 755 ris
480 696 540 753 aut
554 676 673 768 munti,
696 692 755 749 aut
771 675 898 775 ingenii
914 677 1096 753 suffecerit.

305 928 364 989 22.
392 916 454 987 Ao
473 912 678 988 Ciceronem
703 909 819 998 venio,
844 908 900 982 cui
925 900 1046 983 eadem
1061 934 1179 1011 pugna
1194 936 1275 987 cum
1289 936 1381 1011 aequa.

251 1032 348 1107 lrbus
368 1030 437 1103 suis
460 1027 538 1116 fuit,
564 1052 642 1125 quae
659 1024 743 1099 mihi
758 1023 938 1097 vobiscum
959 1042 1021 1099 est.
1071 1026 1124 1099 illi
1141 1027 1234 1100 enim
1248 1029 1383 1125 antiquos

254 1148 479 1233 mirabantur,
503 1144 575 1239 ipse
597 1164 742 1215 suorum
765 1157 962 1235 temporum
978 1140 1209 1239 eloquentiam
1223 1161 1383 1240 antepone·

252 1266 333 1337 bat:
360 1286 424 1334 nec
450 1256 523 1331 ulli
540 1282 577 1330 re
594 1257 703 1354 magis
731 1257 885 1362 ejusdem
907 1257 1014 1329 aetatis
1035 1274 1189 1333 oratores
1212 1258 1383 1357 praeemit,

252 1378 362 1477 quim
375 1372 515 1474 juducio.
566 1371 702 1445 Primus
719 1371 811 1444 enim
824 1371 976 1444 excoluit
991 1370 1194 1464 orationem,
1218 1375 1342 1473 primus
1359 1391 1384 1443 et

251 1491 367 1567 uerbis
395 1491 567 1565 delectum
600 1488 767 1576 adhibuit,
804 1506 839 1561 et
871 1489 1109 1585 compositioni
1140 1506 1272 1564 amem:
1307 1491 1383 1561 locos

256 1632 398 1705 quoque
416 1605 563 1677 laetiores
580 1604 768 1691 attentavit,
792 1619 825 1675 et
841 1606 1007 1699 quasdam
1029 1603 1383 1690 sententias²'invenit;

254 1724 375 1821 utique
397 1722 432 1793 in
458 1719 509 1791 his
538 1718 761 1805 orationibus
784 1744 869 1815 quas
894 1716 1008 1790 senior
1031 1721 1103 1818 jam
1119 1736 1154 1792 et
1177 1722 1278 1819 juxta
1298 1721 1385 1791 finem

254 1839 336 1912 vitae
361 1834 568 1934 composuit,
585 1833 620 1907 id
637 1850 701 1920 est,
718 1834 902 1930 postquim
918 1834 1028 1932 magis
1044 1832 1250 1931 profecerat,
1272 1858 1385 1929 usuque

255 1969 291 2027 ct
307 1950 550 2050 experimentis
566 1948 743 2037 didicerat,
764 1951 862 2046 quod
878 1950 1049 2047 optimum
1065 1950 1201 2023 dicendi
1217 1974 1325 2049 genus
1337 1964 1384 2019 est.

254 2070 350 2143 Nam
376 2064 507 2164 priores
536 2066 608 2162 ejus
634 2064 805 2137 orationes
829 2088 901 2137 non
926 2082 1044 2139 carent
1068 2066 1155 2139 vitiis
1179 2063 1384 2164 antiquitatis:

256 2183 374 2263 lentus
386 2200 437 2255 est
449 2181 485 2255 in
501 2178 687 2277 principiis,
701 2180 826 2277 longus
841 2178 878 2251 in
893 2179 1156 2269 narrationibus,
1172 2181 1301 2253 otiosus
1315 2179 1387 2252 circa

255 2324 431 2387 excessus,
457 2296 553 2369 tarde
571 2312 824 2383 commovetur,
851 2295 931 2367 rari)
953 2293 1147 2367 incalescit:
1174 2296 1275 2393 pauci
1289 2316 1387 2367 sensus

256 2412 339 2512 apti
356 2431 390 2488 et
407 2436 488 2487 cum
506 2412 658 2510 quodam
682 2408 813 2483 lumine
827 2400 1056 2483 'terminantur
1071 2436 1080 2483 :
1108 2410 1193 2484 nihil
1211 2434 1388 2508 excerpere,

257 2531 343 2605 nihil
360 2528 490 2603 referre
514 2527 644 2624 possis:
672 2543 707 2599 et
731 2527 826 2599 velut
851 2527 886 2598 in
911 2526 990 2598 rudi
1014 2527 1173 2616 aedilicio,
1189 2528 1311 2600 firmus
1326 2521 1388 2598 sani

260 2643 372 2743 paries
396 2661 430 2718 et
456 2645 654 2731 duraturus,
675 2643 741 2716 sed
766 2668 838 2715 non
864 2642 943 2715 satis
959 2643 1131 2739 expolitus
1156 2659 1190 2714 et
1216 2642 1388 2740 splendeo

261 2762 341 2858 Ego
357 2777 473 2833 autern
490 2775 675 2847 oratorem,
692 2757 780 2831 sicut
796 2760 1005 2856 locupletem
1020 2785 1060 2832 ac
1077 2758 1256 2831 laudatum
1276 2771 1389 2856 patrem

257 2873 410 2963 familiae,
437 2895 507 2946 non
534 2901 576 2946 eo
599 2875 738 2946 tantum
762 2876 842 2948 volo
860 2892 951 2950 tecto
967 2875 1051 2974 tegi,
1076 2875 1171 2973 quod
1197 2874 1340 2948 imbrem
1359 2892 1388 2940 ac

206 2987 217 3001 '
257 3006 402 3062 ventum
426 3009 551 3080 arceat,
576 2991 636 3064 sed
662 2989 766 3062 etiam
790 2993 885 3090 quod
907 2993 1020 3067 uuum
1041 3007 1077 3063 et
1102 2991 1225 3063 oculos
1241 2989 1388 3062 delectet:

254 3129 327 3182 non
345 3103 386 3178 ei
413 3106 531 3180 solium
557 3107 677 3181 instrui
710 3109 933 3204 supellectile,
960 3134 1039 3208 quae
1067 3105 1272 3182 necessariis.
1289 3101 1386 3176 usibus

254 3221 413 3310 sufficiat,
430 3223 491 3296 sed
514 3221 609 3298 sitin
631 3239 795 3321 apparatu
812 3227 885 3324 ejus
901 3241 935 3298 et
951 3247 1089 3312 aurum,
1106 3239 1141 3295 et
1165 3221 1336 3319 gemmae,3
1360 3228 1388 3286 ut

172 3500 175 3508 ,
252 3439 360 3508 solam
379 3439 413 3496 dc
427 3457 485 3515 quo
498 3439 706 3510 Quintilianus,
719 3439 808 3498 Insti-
857 3440 951 3506 animi,
968 3449 1017 3500 aut
1031 3438 1137 3516 ingenii
1147 3437 1293 3510 suffceret.
1331 3429 1388 3487 Vide

254 3517 452 3577 lut.Orot.x.
474 3528 497 3576 1’.
538 3519 581 3580 At
595 3521 721 3579 llleaaolc
741 3520 808 3577 aiti—
858 3535 958 3578 notet
970 3519 1208 3596 emendodcap.
1222 3525 1272 3576 21.

255 3601 306 3656 dua
332 3607 361 3656 et
386 3599 529 3666 condidus,
559 3611 586 3659 et
613 3601 807 3680 quoodommodi
898 3595 1094 3662 ‘Sententia
1127 3599 1330 3658 Sententiarum
1342 3607 1387 3678 serr

252 3699 313 3756 pra
324 3677 457 3757 sefercns
469 3679 496 3736 iu
510 3679 623 3740 dicendo
637 3681 807 3740 nobilitatem
858 3699 1000 3757 suumque
1022 3679 1173 3739 discrimen
1193 3679 1279 3736 docet
1293 3673 1387 3743 Quinu-

252 3780 341 3829 oaam,
362 3759 467 3818 uiribus
479 3759 577 3822 ruiuor.
620 3763 737 3820 l'idect
753 3761 809 3818 Pli-
858 3759 962 3830 liunus,
995 3759 1127 3818 institut.
1157 3759 1241 3818 Orat.
1274 3773 1341 3814 rur.
1366 3755 1386 3801 5.

254 3842 346 3911 rrinm,
370 3859 399 3896 v.
415 3839 468 3918 Ep.
483 3845 512 3900 3.
859 3839 1037 3904 Consuetudo
1054 3844 1121 3918 jorn
1146 3841 1247 3910 tenuit,
1268 3845 1299 3895 ut
1316 3837 1386 3920 metit

858 3929 992 3997 corweptc
1006 3941 1103 3979 aeneus
1114 3939 1289 3978 vocaremus:
1304 3915 1387 3972 lunum

288 3991 305 4024 ¹
330 3995 495 4077 Viderimus,
521 3994 641 4073 iuquam.
685 3997 742 4054 Pro
768 3998 809 4054 iu·
858 4001 1162 4080 autemprocipudquc
1175 4000 1205 4058 ia
1219 3995 1387 4066 damaim

254 4075 609 4154 qnam,volomondandum
620 4079 648 4134 iu
658 4087 805 4154 quantulum:
859 4081 926 4151 sito,
940 4083 1107 4139 sententiat.

253 4177 288 4215 eo
305 4175 397 4224 sensu,
417 4155 809 4216 licitCorriuumnoninse-
848 4210 853 4229 ,
901 4158 1055 4234 'Aurum
1080 4168 1108 4219 et
1126 4179 1248 4240 gemme.
1290 4147 1387 4225 lruignis

254 4255 337 4314 quur,
352 4237 504 4294 uiderimus
517 4251 609 4294 tarruen
626 4239 807 4314 inquantum
860 4241 953 4307 locus,
967 4262 1026 4320 quo
1040 4243 1179 4320 privatum
1190 4241 1289 4298 horum
1300 4245 1388 4306 tempo

247 4317 363 4396 judicio
376 4317 438 4393 ejus
455 4317 494 4373 rio
507 4329 558 4374 aut
578 4317 676 4388 enimi,
698 4329 751 4376 aut
768 4319 808 4372 iu·
861 4341 925 4379 rum
938 4321 1110 4401 elegantiam
1122 4333 1152 4381 et
1163 4318 1330 4400 opulentiam
1348 4309 1387 4365 ⁴10·

251 4399 324 4482 genii
353 4397 508 4454 suffecerit:
541 4397 584 4453 vol
613 4397 683 4456 lorti
717 4399 810 4474 legen·
862 4419 978 4461 ccmur.

251 4479 332 4549 duur,
354 4479 458 4538 utinam
471 4476 587 4562 judicio
610 4482 671 4556 ejus
694 4480 737 4538 cis
760 4487 810 4538 out
