2859 4950
340 1160 936 1289 BREVIARIUM,

275 1624 281 1634 ,
416 1504 863 1591 SUPPLEMENTI

170 1888 177 1909 ,
307 1838 982 1919 arnarocrnvrnrrrrnnrurr.
1142 1860 1145 1869 =

108 2273 146 2346 1.
179 2250 386 2358 Munna
413 2266 617 2380 Principis
648 2278 693 2352 et
722 2270 868 2381 populi
902 2268 1083 2357 Romani
1108 2276 1218 2366 odia.

58 2422 93 2498 2.
122 2416 269 2519 Caino,
301 2419 414 2501 van-t
445 2419 534 2502 auri
563 2445 637 2530 spe
662 2420 836 2518 inlusus,
865 2420 1085 2514 sceleribus
1119 2452 1221 2536 opes
1296 2509 1298 2514 Α

61 2568 217 2672 quaerit.
277 2575 320 2652 4.
354 2565 457 2678 Ejus
489 2564 771 2676 prodigalitas,
799 2565 905 2646 etin
925 2569 1024 2690 equi
1056 2567 1222 2655 honori·
1363 2557 1366 2566 ¹

61 2707 132 2790 bus
180 2711 362 2797 insania.
433 2715 473 2794 5.
503 2707 700 2792 Fortuna
750 2737 894 2792 omnes
941 2739 1108 2797 eversae.
1179 2715 1221 2802 6.
1324 2725 1327 2732 ’

64 2851 236 2942 lltroces
256 2859 303 2941 in
322 2867 514 2939 senatum
546 2853 864 2938 criminationes,
924 2863 962 2940 8.
994 2843 1224 2946 Imminen-
1334 2933 1336 2940 .

66 3005 144 3082 tem
164 3002 341 3122 ruinam
353 3019 493 3112 patres
513 3000 755 3084 adulatione
773 3011 978 3084 avertunt.
1020 3013 1060 3098 9.
1083 3003 1223 3092 Stulta

66 3137 269 3260 Principis
300 3147 495 3232 consilia:
533 3176 638 3259 pons
674 3145 956 3240 Puteolanus:
991 3149 1222 3262 triumpha·

71 3299 241 3402 tumque
273 3322 404 3377 mare.
472 3301 536 3380 15.
565 3293 677 3377 Tum
713 3289 854 3388 Caius,
900 3289 1041 3399 Xerxe
1074 3298 1221 3409 major,

74 3431 356 3524 Alexandrum
394 3442 569 3523 cruenta
604 3439 807 3521 ebrietate
845 3437 1080 3521 aemulatur.
1156 3443 1221 3528 16.

75 3573 170 3663 Non
182 3584 273 3694 jam
293 3585 336 3668 in
356 3609 474 3696 opes;
490 3583 562 3667 sed
582 3584 625 3664 in
646 3583 751 3664 vitas
767 3581 937 3664 involat.
1000 3595 1063 3680 17.
1093 3585 1226 3670 Hero-
1325 3699 1327 3710 Ι
1373 3655 1375 3662 ,

76 3717 157 3823 des,
185 3729 376 3813 Galilaeae
412 3729 632 3827 tetrarcha,
661 3728 832 3840 ejusque
862 3757 968 3812 uxor
1002 3729 1224 3835 Herodian,

79 3872 185 3975 regni
208 3876 421 3987 cupidine,
448 3877 493 3959 in
511 3876 683 3959 exitium
705 3885 843 3958 ruunt.
906 3885 970 3970 19.
985 3861 988 3874 ⁸
1003 3873 1111 3960 Mox
1131 3879 1226 3990 ipsa

80 4005 237 4122 ingenia
261 4022 305 4105 in
332 3995 478 4134 peenas
506 4033 682 4116 vocata;
711 4023 892 4132 ideoque
913 4021 975 4102 roi
996 4021 1154 4105 Seneca
1185 4037 1228 4108 et

85 4147 288 4284 Domitius
308 4167 421 4251 Aser.
452 4175 521 4250 21.
542 4168 726 4252 Comitia
744 4165 769 4251 ὲ
789 4187 942 4278 campo
962 4166 1016 4249 ad
1037 4180 1227 4253 senatum

86 4292 222 4390 iterum
262 4314 472 4396 translata.
539 4311 724 4396 Multata
759 4311 915 4396 Africa.
988 4323 1056 4396 22.
1087 4311 1247 4412 Caius„

90 4440 230 4539 obtrita
248 4455 387 4558 Italia,
415 4459 472 4544 ad
497 4457 656 4544 Gallias
677 4457 1013 4571 Hispaniamque
1042 4459 1229 4550 animum
