2859 4950
76 348 198 410 ΗΑ).
313 359 317 368 ·
353 342 463 403 LIBRI
478 342 639 405 ‘OCTAVl
661 344 901 405 ANNALlUll.
1151 341 1209 413 7397

67 500 270 590 deturbabit,
294 515 329 573 et
356 497 394 572 in
419 498 539 595 templi
567 498 622 573 sui
646 497 855 574 famulitium
875 504 1024 575 'vocabat
1038 506 1074 573 :¹
1101 502 1209 577 modb

64 616 232 709 nimmbat
247 612 369 713 capite,
385 630 425 688 ut
440 638 544 688 suum
560 612 764 711 imponeret.
800 617 1054 691 Laudatissimis
1071 616 1210 717 quibus·

63 756 125 829 que
138 730 356 829 potissimum
371 728 538 820 infensus,
564 756 799 805 marmoreum
818 731 1040 831 Cupidinem,
1056 733 1208 808 Praxite-

62 846 230 945 lis..opus‚
260 846 418 945 Thespiis
454 847 591 921 sustulit
605 850 642 919 :⁸
675 846 790 945 ipsum
826 849 949 924 Jovem
987 849 1207 947 Olympium,

63 961 203 1038 Phidiae³
223 978 259 1036 et
273 962 355 1036 artis
370 963 590 1053 miraculum,
608 982 782 1061 rapturus,
799 964 863 1037 nisi
879 963 1069 1039 Memmius
1088 967 1206 1065 Regu-

62 1078 136 1169 lust
165 1094 327 1177 portento
355 1078 480 1153 dolove
509 1078 661 1169 territus,
698 1078 923 1153 abstinuisset.
975 1080 1052 1153 Nec
1078 1082 1207 1154 mirum

60 1212 144 1268 nuta
173 1195 357 1269 sunnam
382 1197 428 1269 ab
456 1193 508 1268 eo'
525 1195 654 1293 sperni,
679 1194 740 1293 qui
772 1212 948 1269 tonantem
964 1190 966 1197 ’
980 1184 1125 1271 Jovem⁵
1159 1199 1203 1276 ati

61 1336 203 1411 pugnam
218 1328 370 1403 vocaret,
395 1328 430 1385 et
446 1312 584 1386 vincere
599 1328 836 1411 presumeret.
921 1390 924 1395 ,

101 1552 157 1619 56.
183 1546 284 1619 Haec
302 1544 392 1619 inter
406 1568 541 1621 vesartae
567 1546 692 1620 mentis
721 1542 851 1635 deliria,
878 1546 1031 1619 Romam
1059 1548 1204 1619 advene·

61 1676 127 1733 taut
156 1663 361 1739 Iudaeorum
396 1662 716 1735 Alexandrinorum
751 1654 881 1762 legati,⁶
921 1662 1011 1735 duce
1044 1660 1204 1751 Philone,

62 1772 164 1853 diserti
176 1778 290 1881 magis
311 1777 420 1878 quim
435 1779 567 1856 subacti
581 1778 710 1882 ingenii
726 1776 878 1854 homine.
932 1778 1204 1874 Querebantur,⁷

95 2076 105 2105 ¹
127 2080 259 2143 Vacabat.
282 2082 361 2142 Suet.
376 2084 496 2145 loc.cit.
517 2086 598 2145 Dato
649 2088 691 2143 sir
711 2088 831 2161 Μέμμιον
853 2079 896 2141 trel
919 2085 1014 2149 suisa,
1036 2086 1082 2143 ul
1100 2082 1202 2159 ἡμῶν

61 2162 169 2237 negotio,
188 2174 222 2222 ut
234 2164 386 2223 simulacra
403 2167 542 2223 numinum
555 2161 600 2225 νέ-
649 2160 763 2241 purtim
776 2160 941 2237 munirer,
955 2156 1014 2228 sirie
1024 2160 1056 2221 ὅ,
1069 2188 1125 2221 reru
1139 2186 1201 2221 πω·-

63 2238 154 2317 ligione
166 2252 194 2301 et
205 2253 272 2305 crte
280 2246 433 2322 proecluru,
450 2248 528 2305 inter
539 2268 599 2325 puae
648 2239 1203 2323 rtimtriur,tx=gssuntrdmrlrintgmri

62 2317 600 2402 OlympiiJoviscpportursnturtGroe·
692 2323 702 2358 ⁵
734 2328 887 2385 Tonantem
913 2322 1022 2383 lovon.
1064 2324 1202 2383 Pluribus

62 2398 107 2470 n'tl,
124 2404 217 2479 quibus
237 2407 331 2483 cupite
352 2408 531 2467 demtoruum
550 2410 599 2468 im·
652 2407 761 2467 Seneca
780 2408 815 2463 de
840 2404 896 2476 nt,
918 2423 940 2463 1.
967 2400 1012 2461 16.
1039 2400 1071 2460 C.
1096 2401 1200 2474 Cesar,

656 2490 662 2500 .
936 2486 946 2530 t
1206 2481 1209 2492 ,

60 2494 250 2646 1¹mitilinensis}
274 2535 399 2627 sustulit.
440 2569 597 2630 Pausanias
650 2486 1201 2646 itii‘itniifgiibsq'iiiiiitlitiitii‘iiittiibiiii

62 2657 102 2729 rx.
127 2645 245 2708 Boeotic.
259 2654 310 2712 27.
324 2650 410 2707 docet
423 2649 597 2728 Cupidinem
650 2649 733 2726 qudm
753 2649 906 2726 spectabat,
928 2645 1053 2724 quidque
1070 2664 1201 2704 conuersu-

61 2720 132 2782 rllum
145 2725 163 2784 i
175 2729 250 2787 Caio
263 2729 350 2787 fuisse
361 2729 491 2806 Thespiis
502 2733 599 2789 subla·
650 2731 691 2788 tio
701 2749 753 2788 suu
757 2728 927 2809 fulminibus
939 2734 1106 2798 terreretur,
1117 2745 1201 2804 prur-

62 2811 123 2876 tum,
141 2805 159 2864 ὲ
178 2809 305 2871 Claudio
328 2809 482 2884 redditum,
503 2811 521 2870 a
540 2813 599 2872 No-
646 2829 694 2871 sus
702 2809 806 2888 purtim
820 2809 914 2880 certis,
934 2808 973 2866 ud
981 2827 1105 2886 pugnam
1119 2825 1200 2866 uocu-

61 2901 118 2942 rone
139 2888 241 2949 iterum
265 2891 387 2949 Romam
410 2902 598 2968 reportatum,
649 2892 692 2950 vit
705 2891 814 2961 Ionem,
828 2899 856 2949 et
869 2889 977 2968 quidem
990 2889 1049 2946 sirie
1061 2887 1200 2957 missione,

61 2964 103 3020 ubi
127 2966 189 3046 igne
218 2981 386 3030 consumtus
416 2981 467 3030 cst.
509 2973 597 3032 illum
650 2972 831 3030 Homericum
858 2970 936 3028 illum
958 2969 1113 3028 exclamans
1139 2987 1201 3026 ner·

61 3060 186 3110 memorat
205 3051 329 3122 Plinius,
350 3071 470 3110 xxxm.
485 3059 513 3111 5.
526 3073 554 3112 n.
569 3061 597 3113 5.
646 3072 717 3123 sum,
737 3047 893 3129 ἔμ’ἇιέιιῤ,
914 3045 1041 3121 lirin·
1084 3048 1201 3118 Quanta

60 3123 181 3200 Ejusten
203 3133 358 3191 Praxitelis
379 3141 470 3191 estet
492 3133 599 3212 Cupido
648 3133 785 3191 desieritis
800 3133 891 3212 sirit?
916 3129 1042 3208 putavit,
1070 3137 1121 3186 aut
1146 3129 1200 3186 sibi

61 3207 171 3280 obierim
191 3215 209 3271 d
224 3209 360 3272 Cicerone
375 3213 469 3285 Verri,
490 3215 555 3272 Cic.
568 3217 597 3273 in
647 3213 742 3272 noceri
753 3233 786 3271 ns
799 3213 817 3269 t
830 3209 903 3270 Jove
932 3211 1020 3268 uidem
1037 3227 1128 3286 posse,
1149 3217 1200 3268 aut

61 3284 176 3360 Verrem,
197 3311 242 3352 ιν.
263 3300 292 3353 2.
312 3295 362 3353 nn
377 3303 498 3372 prepter
520 3315 597 3372 quem
645 3314 675 3352 se
695 3313 793 3352 nocere
814 3291 897 3350 etiem
909 3231 978 3350 iovi
997 3307 1088 3366 posse.
1128 3287 1199 3346 Non

61 3363 175 3447 Thespia
195 3375 366 3448 sustantur,
387 3376 500 3434 nuncin
513 3376 598 3434 Octa·
643 3381 714 3452 puto
735 3373 837 3451 parim
856 3371 985 3428 momenti
998 3371 1140 3445 huncque
1153 3389 1200 3428 uo-

60 3447 339 3534 vioemtoiispositm.
649 3473 705 3513 cem
730 3455 769 3514 ad
788 3454 960 3512 incitandum
987 3453 1199 3528 conjuratorum

91 3524 104 3559 ³
133 3531 249 3595 Plidioe.
298 3537 373 3594 Ptin.
408 3556 529 3596 κων.
567 3545 595 3598 8.
649 3536 755 3594 animos
786 3531 934 3594 addidisse.
980 3531 1095 3593 Ultimoe
1127 3531 1199 3588 enim

60 3606 129 3670 Ante
151 3633 241 3677 omnes
266 3617 385 3676 Plidius
407 3618 596 3690 Atheniensis,
644 3616 791 3693 patientie
804 3615 892 3673 uisum
906 3621 947 3672 cst
960 3629 1021 3670 euru
1033 3611 1129 3691 serre,
1151 3611 1200 3689 qui
1221 3611 1226 3620 ’

61 3686 123 3748 Jove
135 3693 267 3774 Olympia
275 3698 373 3778 sarto,
394 3718 427 3756 es·
439 3701 519 3758 ebore
537 3699 597 3776 pui-
648 3695 747 3755 Jonem
761 3696 927 3774 nonsrrret.
967 3693 1013 3751 De
1025 3693 1198 3768 conjuratio-

60 3767 111 3827 den
124 3783 241 3836 etnuro.
270 3779 326 3837 Dei
340 3781 462 3839 sedentis
475 3781 593 3858 effigiem
648 3795 684 3834 ne
710 3777 839 3834 dicemus
859 3775 934 3834 intre
946 3793 1011 3854 cap.
1027 3789 1198 3841 uxt·t11.,et

60 3859 254 3917 ‘tomamentn
273 3860 336 3918 fuse
357 3861 508 3938 descripsit
519 3861 596 3919 Pau·
647 3878 705 3966 serp

59 3933 151 4009 sanias,
170 3940 306 4000 vestiae.
319 3942 407 4020 prior.
421 3959 458 3998 11.
703 3936 879 3996 'Judoeorum
892 3936 1144 3997 Alesnndrinorum
1158 3931 1195 3989 le·

92 4009 185 4074 ⁴Nt'st‘
195 4019 345 4080 Msmmim
357 4021 493 4101 Regulus.
513 4021 597 4080 Teste
643 4021 718 4098 gnti.
745 4019 831 4078 llanc
843 4019 1011 4078 ludaeorum
1027 4016 1196 4094 legationem

61 4088 462 4181 losepho,Antiq.Jud.x1x.
480 4111 506 4161 l.
521 4122 551 4160 u.
568 4112 595 4162 t.
648 4101 714 4158 fusi
734 4101 884 4178 descripsit
904 4097 987 4156 Philo
1000 4100 1029 4156 in
1042 4099 1125 4169 libro,
1147 4093 1196 4153 cui

62 4173 210 4258 drcbitecti
219 4183 359 4243 Memmio
369 4183 480 4262 Regulo
489 4183 596 4257 dixere,
647 4181 767 4239 titulum
782 4181 859 4251 iecit,
870 4179 905 4238 de
916 4179 1068 4258 Legationc
1082 4178 1118 4235 ud
1129 4173 1196 4236 Cai-

61 4253 203 4319 minctum
222 4264 256 4320 iri
275 4266 473 4336 simulacrum,
494 4263 596 4323 siloco
648 4281 708 4330 um,
729 4281 759 4338 p.
774 4265 835 4328 992
850 4271 880 4317 et
892 4279 951 4336 seq.

62 4348 219 4399 moveretur.
259 4346 351 4404 Addit
377 4348 415 4405 ab
440 4346 503 4403 aliis
536 4345 596 4404 dici
688 4337 929 4407 ⁷Quereluntur.
973 4339 1019 4396 De
1039 4337 1081 4406 bis
1098 4355 1201 4416 quere-¹

63 4409 222 4500 blemmium
239 4424 454 4485 incredibilibus
472 4428 596 4486 miracu·
647 4425 681 4485 lis
702 4423 766 4480 vide
790 4420 948 4490 Philonem,
971 4419 1066 4498 Legat.
1081 4423 1117 4476 ad
1130 4417 1197 4478 Cni-

63 4489 94 4548 ¹¹⁸
115 4497 275 4566 deterritum
298 4508 392 4570 luisse.
434 4501 595 4578 Aimrurti
646 4525 706 4574 um,
727 4523 756 4582 p.
776 4509 851 4564 tuos
867 4513 894 4560 et
907 4519 964 4578 seq·
