2859 4950
208 303 282 384 ’196
578 298 614 362 C.
640 242 841 360 continu}
861 290 1002 357 tht'rl

219 455 377 553 retraxit,
393 473 527 536 ceteros
542 477 665 531 omnes
680 469 875 554 sequuntur
889 449 1078 541 auditores,
1097 445 1269 529 actoribus
1280 447 1359 532 timi·

220 581 286 672 les,
315 575 478 654 conducti
494 591 529 648 et
544 559 712 648 redemti¹
736 568 923 668 mancipes.
974 567 1191 644 Convenitur
1210 567 1247 642 in
1260 567 1361 642 metii

221 693 375 786 basilici,
400 691 547 766 ubitam
565 689 679 790 palam
694 688 875 788 sportulae,
890 683 999 786 quim
1014 685 1051 762 in
1070 683 1218 760 triclinio
1239 683 1362 758 deutur.

223 813 281 889 Ex
294 808 425 912 judicio
441 807 477 880 in
490 806 659 906 judicium
677 803 751 904 pati
767 804 929 878 mercede
944 802 1119 881 transitur.
1158 800 1287 878 Graeci
1301 799 1365 898 qui·

224 929 306 1026 dem
322 921 516 1024 Latinique
533 917 654 1023 lingui
671 936 802 994 tantam
817 915 1009 992 foeditatem
1025 917 1243 1010 notavimus3
1268 934 1312 1006 et,
1326 917 1366 988 ob

223 1067 352 1122 novam
384 1037 575 1128 infantiam
607 1035 706 1111 novis
740 1032 942 1137 excogitatis
973 1035 1172 1110 nominibus
1198 1039 1367 1126 σοφοκλεῖς

225 1160 304 1234 illos
332 1174 368 1234 et
390 1154 609 1235 laudicertos'
636 1149 816 1226 irrisimus.
867 1138 1007 1248 Quibus
1030 1168 1146 1228 tamen
1169 1149 1369 1252 joculmtu

228 1272 377 1378 dicteriis
393 1271 515 1348 titium
531 1293 604 1344 non
620 1266 845 1358 sustulimus;
870 1269 946 1359 sed,
963 1269 1060 1367 quod
1074 1265 1185 1370 vulgo
1202 1264 1370 1368 contingit,

225 1381 460 1468 celebritatem
476 1387 709 1488 fiduciamque
726 1386 759 1462 ei
772 1384 980 1462 addidimus.

277 1620 341 1698 tx.
366 1624 464 1698 Innn
483 1619 606 1698 crescit
621 1619 658 1694 in
671 1621 744 1695 dies
759 1617 966 1721 indignitas,
993 1643 1058 1695 nec
1075 1620 1216 1694 tantum
1231 1615 1373 1719 ingemi,

225 1717 288 1816 sid
305 1758 340 1815 et
356 1739 459 1828 servi,
484 1737 543 1816 vix
566 1737 748 1838 pueritiam
772 1737 915 1838 egressi,
939 1737 984 1812 ad
1009 1737 1225 1814 laudandum
1245 1737 1374 1810 trahun-

226 1875 310 1932 tur:
336 1873 401 1929 nec
427 1854 671 1954 intelligentes,
696 1873 757 1930 out
784 1853 1056 1954 intelligentibus
1084 1854 1239 1944 similes,
1255 1854 1316 1928 sed
1337 1877 1375 1926 ne

226 1971 406 2046 audientes
423 1969 579 2068 quidem,
605 1969 802 2046 maximesi
826 1971 903 2070 quis
926 1970 1214 2069 imperitissimus,
1239 1971 1376 2068 ideoque

229 2087 375 2162 laudum
391 2087 604 2162 avidissimus
616 2087 753 2189 juvenis
769 2088 1012 2164 addicendum
1025 2087 1220 2177 accesserit,
1235 2087 1377 2162 basilicas

228 2201 376 2302 implent
404 2203 627 2296 clamoribus,
654 2222 713 2280 aut
742 2206 860 2305 potitis
886 2204 1083 2280 ululatibus.
1133 2207 1264 2303 Neque
1295 2202 1378 2277 enim

230 2319 298 2394 alio
315 2319 487 2396 vocabulo
504 2337 617 2417 potest
639 2321 788 2420 exprimi
811 2319 952 2396 theatris
967 2345 1111 2420 quoque
1128 2320 1294 2396 indecora
1317 2320 1379 2392 lau·

228 2435 333 2511 datio.
386 2439 483 2533 Quae
496 2437 582 2511 edm
599 2454 724 2538 reputo
740 2436 809 2512 fori
824 2438 934 2513 nostri
951 2437 1134 2537 propudia,
1155 2435 1252 2511 baud
1269 2436 1379 2524 miror,

228 2554 415 2642 Materne‚³
433 2570 468 2626 te
479 2556 553 2653 jem
569 2554 704 2627 dudum
724 2555 880 2653 receptui
896 2554 1072 2644 cecinisse,
1088 2570 1135 2643 et,
1148 2553 1237 2628 cium
1253 2553 1381 2653 perierit

216 2664 376 2743 lorensis
392 2666 517 2769 gloria,
529 2685 563 2742 te
580 2669 693 2743 Musis
713 2685 827 2743 totum
844 2686 880 2743 te
896 2669 1078 2745 addixisse.
1126 2670 1168 2745 Id
1184 2694 1299 2757 unum
1313 2696 1380 2757 oro,

229 2782 396 2895 quoniam
410 2783 793 2893 nostraexdisputatiopi,
819 2786 864 2860 de
886 2786 996 2860 causis
1017 2803 1192 2886 corruptae
1211 2787 1305 2886 apud
1325 2810 1381 2859 nos

229 2896 436 2996 eloquentiae
453 2898 561 2974 finem
575 2898 801 3001 impositurus
816 2927 867 2995 es,
888 2903 995 2977 addas
1010 2902 1115 2992 selim
1130 2904 1258 2979 utrdm
1273 2904 1333 2979 tibi
1345 2903 1381 2977 sit

229 3014 416 3089 meliorum
437 3030 638 3115 temporum
656 3042 748 3118 spes,
772 3034 808 3095 et
823 3044 904 3121 quae
925 3019 1032 3125 possit
1051 3044 1127 3097 esse
1141 3019 1382 3096 emendationis

230 3128 318 3207 ratio
335 3128 470 3205 doceast

269 3468 283 3510 ¹
315 3474 454 3536 Couducti
485 3486 514 3539 rt
539 3480 669 3539 redarum
725 3482 789 3542 No·
837 3479 994 3563 impositum
1015 3490 1060 3544 est
1078 3482 1237 3544 laodiceni}
1260 3493 1289 3544 et
1302 3492 1382 3548 loturo

233 3556 421 3616 menolatum
444 3576 513 3619 suos
541 3560 626 3619 tentis
653 3561 786 3637 denariis,
839 3566 982 3624 crescitis
995 3564 1182 3644 dictfoedt'tot
1200 3563 1321 3644 utrique
1337 3564 1384 3621 lin·

233 3638 325 3718 Angl-
347 3644 391 3699 2³.
415 3638 452 3697 ad
474 3640 653 3721 laudandum
678 3656 785 3704 tructos
838 3646 899 3724 gud
919 3654 1030 3705 notato.
1070 3646 1148 3703 luter
1171 3646 1382 3704 acclamatione

234 3732 374 3777 memorat
388 3718 508 3791 Plinius,
523 3719 578 3799 Ep.
591 3738 629 3781 n.
645 3732 690 3782 114.
711 3726 786 3783 Tem
841 3728 991 3805 praecipua
1009 3734 1072 3785 etat
1093 3727 1186 3797 αφοῒς.
1229 3725 1382 3785 ludelrlat·

125 3811 134 3835 ⁴
233 3798 341 3877 exigui
366 3802 496 3859 mercede
523 3805 679 3879 parebatur
708 3807 788 3883 opud
843 3804 929 3880 titiis,
946 3808 1128 3885 Epigramm.
1143 3825 1166 3866 r.
1181 3812 1232 3866 50.

234 3879 384 3959 imperitos
394 3880 566 3942 disertissimi
580 3883 666 3960 famu.
699 3887 790 3945 Penes

235 3976 334 4021 eutem
349 3960 455 4039 peritos
464 3974 544 4021 tanto
555 3966 646 4040 major
653 3978 714 4025 emt
723 3984 792 4025 con·
854 3971 970 4021 umor
978 3974 1287 4027 nummatum
1294 3972 1371 4026 optm-

237 4051 352 4100 temtus.
375 4040 458 4101 Unde
471 4042 594 4116 Plinius,
608 4045 679 4104 ibid.
710 4047 790 4105 Scito

236 4141 298 4181 etur
316 4122 431 4203 pessimi
444 4124 546 4195 dicere,
567 4126 615 4203 qui
626 4126 791 4195 &edantur
846 4125 973 4205 Ideoque
983 4126 1305 4198 dicebuututtewtis.

222 4200 367 4263 maxime.
733 4237 735 4240 ·
886 4201 899 4238 ²
921 4208 1012 4267 Haud
1028 4208 1124 4278 miror,
1146 4206 1290 4267 Materne.
1326 4202 1382 4261 llo·

263 4277 292 4347 ,²
319 4280 504 4344 Iaudiccnot.
559 4284 679 4359 Plinius,
719 4288 791 4347 ibid.
847 4298 959 4349 ternum
982 4286 1097 4367 dialogo
1119 4288 1205 4347 linctu
1229 4285 1384 4363 imposuisse

239 4356 312 4423 Iode
328 4366 396 4440 jam
419 4384 473 4428 oon
500 4364 635 4425 inurbani
660 4372 790 4441 πφκλιῖς
846 4371 942 4431 ridere
953 4380 996 4432 est
1006 4388 1045 4434 ex
1057 4369 1092 4433 ii·
1104 4386 1172 4450 quae
1184 4379 1350 4451 sequuntur·

237 4452 395 4505 tacentur:
418 4446 515 4505 iisdem
536 4444 671 4509 Latinum
694 4468 795 4516 nomen
827 4520 832 4530 Ι
