2859 4950
80 312 198 373 J.C.4o.
362 304 472 367 LIBRI
494 302 651 365 ocrnvl
672 305 911 369 ANNALIUM.
1162 310 1222 371 315

77 468 203 554 Pharo,¹
227 461 386 536 noctibus
400 462 445 535 ad
461 461 635 561 regendos
649 460 791 536 navium
809 464 959 553 cursus‚²
983 462 1081 563 ignes
1096 463 1220 541 emica-

77 599 162 656 rent:
187 579 296 655 velati
312 579 461 678 publicae
478 578 628 653 utilitatis
644 581 790 654 obtenta
806 578 963 653 vanitate.

117 824 172 884 38.
197 814 404 885 Mansunn
438 812 615 909 opprobrii
643 828 870 885 monumenta
894 812 1025 885 exstrui
1051 813 1215 889 dolebant

76 927 224 1017 Romani,
249 928 406 1001 ridebant
431 928 597 1000 Barbari:
633 953 723 1025 quos
746 928 835 1000 inter
856 928 1015 1017 Brinno,³
1030 930 1213 1004 'Cannine-

73 1040 142 1135 fas,⁴
162 1069 265 1140 super
276 1043 464 1143 ingenitam
475 1042 641 1118 ferociam
653 1071 699 1118 ex
712 1044 931 1119 contumeliae
943 1040 1103 1119 facilitate
1119 1072 1213 1121 arro-

71 1182 155 1259 gans,
179 1161 327 1234 ducenta
342 1160 525 1233 hominum
535 1161 655 1252 millia,
678 1162 798 1235 insano
816 1162 920 1251 duce,
942 1159 1091 1235 invalida
1101 1162 1213 1261 despi-

71 1300 157 1367 cere3
182 1275 445 1351 infrementibus
461 1278 594 1379 legatis,
618 1276 816 1376 frustraque
840 1278 1086 1369 obnitentibus,
1111 1296 1159 1368 et,
1183 1280 1211 1352 si

70 1392 140 1488 quid
174 1395 388 1467 adtentnrent
426 1412 465 1468 ut
501 1396 701 1495 ignominia,
744 1394 892 1467 Variani
929 1394 1027 1467 clade
1063 1394 1212 1491 turpior,

67 1511 324 1603 propulsaretur,
365 1511 465 1585 odio·
487 1513 601 1587 statim
642 1511 824 1612 oppressis
875 1512 1011 1585 Interei
1047 1510 1213 1607 Princeps

66 1622 169 1698 alienae
197 1626 310 1701 laudis
342 1628 476 1719 avidus,
516 1654 580 1703 nec
610 1629 673 1703 nisi
703 1656 767 1727 per
795 1628 1025 1703 deridiculum
1058 1626 1212 1724 quaesitae

65 1757 223 1835 appetens,
262 1745 309 1816 ob
333 1768 454 1835 novas,
480 1763 514 1818 et
538 1746 637 1819 sicuti
660 1772 753 1819 anno
791 1744 967 1843 superiore
1001 1760 1212 1841 personatus,

65 1856 261 1951 velitationes
298 1860 524 1959 imperatoriis
560 1864 759 1937 nominibus
783 1862 941 1950 auctior,⁵
984 1858 1209 1961 cogitationes
1238 1896 1241 1903 ·

63 1994 168 2047 omnes
189 1978 232 2048 ad
260 1976 426 2075 triumphi
451 2004 572 2053 curam
597 1982 840 2053 convertebat:
868 1978 899 2051 ei
925 2001 1019 2051 curae
1048 1991 1133 2063 erat,
1158 1990 1211 2064 ut,

62 2108 175 2188 prater
186 2093 344 2190 captivos
361 2112 395 2165 et
407 2094 601 2194 transfugas
624 2097 802 2183 barbaros,
829 2092 1024 2167 Galliarum
1045 2089 1213 2187 proceris·

60 2203 152 2283 timus
164 2204 345 2308 quisque,⁶
361 2226 400 2281 ut
417 2213 547 2286 Graeco
564 2211 734 2285 vocabulo
750 2210 885 2282 dicebat
909 2216 935 2251 “
949 2207 1075 2306 dignus
1090 2206 1211 2279 trium-

58 2480 186 2558 colligata.
206 2487 331 2545 Prorsus
344 2494 442 2546 utnon
454 2487 602 2559 minimam,
654 2496 735 2546 nocte
748 2486 838 2564 ignem
851 2483 987 2544 accendit.

58 2563 274 2644 quarnCaligulae
287 2577 396 2626 atatem
410 2571 548 2646 preferre
561 2574 601 2628 vi·
694 2563 705 2597 ³
736 2567 854 2624 Brinno.
896 2565 992 2633 Quom
1024 2565 1213 2620 memoratum

57 2641 163 2702 deretur.
205 2651 278 2706 Erat
295 2650 457 2726 octnngnln,
476 2650 600 2727 singula·
650 2649 711 2725 jam
726 2649 849 2705 vidimus
863 2646 939 2705 Hist.
953 2664 997 2702 ιν.
1014 2651 1060 2703 15.

57 2739 99 2794 que
119 2727 206 2785 latera
224 2737 266 2790 24
281 2739 331 2787 aut
355 2736 405 2787 25.
423 2731 545 2806 pedam
567 2743 600 2791 ut
693 2725 908 2807 ⁴Canninesas.
952 2728 996 2784 Do
1020 2722 1215 2784 Canninefati-

55 2809 121 2891 latus
129 2807 203 2867 illius
212 2812 252 2868 ad
258 2813 346 2868 salum
357 2810 491 2868 circuitus
501 2815 600 2888 pedum
655 2813 708 2868 bus
722 2811 833 2868 dictum
848 2821 889 2867 est
898 2827 985 2884 supra
995 2806 1099 2865 Anrml.
1110 2823 1154 2862 iv.
1164 2811 1215 2873 73.

53 2888 124 2944 timul
144 2897 198 2958 192
217 2900 269 2949 aut
290 2893 419 2950 tanna
460 2893 602 2952 Paulrtim
654 2892 873 2950 Occide-ntalem
908 2891 1079 2946 batavorum
1114 2887 1214 2944 insulse

53 2963 180 3027 desinebat
204 2972 234 3028 in
259 2993 372 3030 acumen
395 2973 602 3049 pyramidisqne
654 2986 761 3050 partem
778 2973 952 3030 obtinebant.
998 2995 1002 3021 t

52 3042 257 3110 similitudinem.
297 3052 397 3109 Medio
412 3052 482 3130 feri
502 3055 601 3113 altitu·
694 3051 916 3130 ⁵lmperntariis
930 3049 1082 3108 nominibus
1092 3046 1214 3106 auctior.

54 3123 124 3197 linit,
144 3132 286 3206 quaternis
305 3134 452 3190 dumtaaat
464 3133 599 3194 lateribus
653 3132 762 3210 Septies
779 3134 948 3208 lrnperatar,
968 3125 1066 3192 tetam
1089 3125 1214 3206 nitueri-

44 3201 323 3292 susurrababobat.
344 3213 517 3284 Bucherius,
531 3215 597 3273 Bel·
652 3237 711 3293 eng,
744 3215 905 3292 appellatus
929 3223 981 3278 ost,
1012 3223 1080 3266 testo
1108 3209 1210 3274 Dione,
1288 3239 1297 3256 .

49 3303 116 3357 ἕψω
135 3292 299 3367 Romanum,
319 3313 365 3351 ιν.
381 3301 427 3350 10.
443 3316 472 3373 p.
488 3303 556 3354 145.
570 3308 598 3354 et
652 3313 718 3351 arx.
743 3315 771 3371 p.
794 3291 863 3360 657.
907 3292 1106 3364 limnojuxta
1126 3289 1214 3346 loan-

51 3363 80 3420 P·
103 3370 262 3445 Wsstolain,
297 3375 481 3451 Descriptian
507 3377 542 3436 de
567 3380 597 3437 la
652 3394 716 3432 nem
748 3375 972 3440 Antiochenam,
1012 3372 1042 3428 in
1074 3371 1210 3445 Excerpt.

51 3443 132 3507 Gaute
144 3453 290 3533 Belgique,
310 3475 340 3532 p.
353 3462 424 3516 382.
653 3457 831 3514 Constantini
848 3455 1085 3530 Porplryrogenet.
1098 3471 1127 3528 p.
1143 3456 1210 3508 805.

548 3587 555 3607 ,
652 3542 800 3616 rippam
830 3538 876 3595 ui
908 3530 1060 3614 Besilarinie
1087 3530 1213 3594 ἐπεκλήθη.

84 3606 158 3671 'Es
174 3617 282 3673 Pharo.
323 3617 370 3675 Ex
393 3617 487 3676 Pharo
508 3621 597 3678 Alen-
653 3619 836 3677 aenianica
860 3627 888 3675 et
910 3613 1092 3672 Britannicus
1114 3631 1214 3690 cagna-

46 3689 166 3765 andrinel,
185 3698 523 3759 omniumceleberrimd.
651 3699 773 3756 asinatas
806 3707 858 3757 ast.
910 3697 1007 3771 llujus
1041 3692 1214 3752 adulationis

80 3766 237 3836 ²Nanium
263 3797 371 3838 cursus.
420 3780 538 3839 Sueton.
565 3782 593 3838 in
651 3780 765 3836 nullum
775 3781 805 3836 in
817 3777 940 3836 nummis
952 3787 1033 3834 extat
1046 3793 1213 3831 monumen·

46 3846 232 3923 Cai0,xnv1.
272 3859 462 3918 Memoranda
479 3882 595 3938 quoquc
653 3871 725 3917 tum·
775 3861 829 3918 Sed
864 3858 936 3917 forti
970 3857 1085 3934 periere.
1134 3855 1212 3912 Odio

43 3929 193 3998 Annalium
217 3940 399 4009 Metensium,
420 3961 508 4019 supra
531 3943 595 3999 lau·
652 3942 794 4018 Principis
821 3941 960 4018 plurimos
985 3949 1049 4016 post
1070 3935 1214 3994 Britanni-

45 4009 178 4088 dearum,
199 4023 295 4079 verba.
335 4022 403 4099 Ipse
424 4033 516 4080 autem
538 4025 597 4081 lm·
651 4042 717 4081 carn
734 4024 852 4080 Claudii
867 4019 1017 4080 victoriam
1038 4018 1123 4075 fuisso
1145 4019 1214 4074 abo·

41 4104 152 4162 perator
165 4101 298 4172 Carolus,
317 4104 355 4159 ad
369 4103 483 4161 classem
502 4105 597 4162 ciden-
651 4103 717 4161 litos
741 4103 817 4162 recte
838 4105 968 4160 observat
992 4099 1039 4157 Cl.
1064 4097 1213 4156 Reimarus

43 4171 109 4244 dam,
128 4199 208 4254 quana
218 4184 387 4257 precedenti
399 4186 555 4260 annajisri
567 4195 595 4241 et
652 4185 681 4242 in
704 4186 778 4243 notis
799 4185 835 4241 ad
861 4184 993 4252 Dionem,
1015 4199 1083 4238 arx.
1099 4199 1127 4256 p.
1142 4173 1211 4243 657.

35 4249 173 4324 fabricari
175 4265 319 4338 jusserat,
332 4264 486 4323 Bononiam
501 4267 577 4323 uenit
586 4290 598 4332 ;
657 4284 712 4324 nx.
728 4286 757 4342 p.
773 4261 842 4332 679.

40 4331 291 4423 Planumqaeibiad
300 4345 492 4422 nauigantium
501 4366 599 4406 cursus
693 4341 952 4404 ⁶Procerissimus
979 4341 1102 4418 quisque.
1148 4338 1219 4396 Hoc

44 4412 200 4492 ‘litigemus
227 4425 384 4502 antiquitis
417 4428 599 4486 constitutam
654 4437 682 4484 et
695 4447 753 4502 seq.
770 4429 888 4486 burton.
905 4427 934 4482 in
947 4423 1030 4495 Caio,
1053 4437 1159 4480 xnvtr.

43 4505 225 4576 restauravit,
250 4514 278 4566 et
304 4506 334 4564 in
358 4510 420 4587 ejus
441 4509 599 4568 summitate
