2859 4950
132 286 135 290 ⁷
225 294 284 355 ³72

1163 282 1201 343 A.
1210 286 1288 346 U.C.
1301 292 1359 359 795.

626 274 965 340 SUPPLEMENTUM

225 443 397 515 minorem
433 438 613 523 ducerent,
653 435 818 509 coelibum
862 434 973 531 poertis
1007 433 1145 507 exemit.
1212 438 1360 535 Pupillis¹

158 616 163 637 .
225 556 411 644 consuluit,
429 576 620 649 eorumque
633 552 750 623 tutelae
764 576 894 641 curam,
908 550 991 621 olim
1007 551 1212 646 praetonbus
1223 557 1361 629 commis

223 698 311 761 sam,
337 670 534 744 consulibus
560 668 742 739 mandavit.
796 670 855 739 Ad
874 667 949 739 lites
970 692 1109 763 quoque
1137 671 1361 765 expediendas,

223 814 343 863 rerum
361 792 503 873 actum,²
520 784 667 857 divisum
676 784 777 856 antei
790 784 827 855 in
840 782 1002 855 hibernos
1016 784 1221 881 aestivosque
1234 811 1361 875 menses,

224 905 415 1003 conjunxit.
468 878 624 973 Demum
642 928 686 973 ne
702 901 840 997 publica
857 900 1002 998 pecunia
1019 900 1158 997 periret,
1173 916 1241 973 tres
1257 924 1362 997 prato·

224 1020 295 1091 rios
322 1022 437 1104 viros,³
464 1018 523 1113 qui
555 1018 677 1089 aerano
703 1020 817 1089 debita
839 1018 1031 1115 exigerent,
1058 1018 1224 1089 instituit:
1260 1018 1362 1090 additis

225 1136 417 1221 lictoribus,
443 1151 481 1205 ut
498 1152 668 1205 cresceret
681 1132 837 1231 dignitas.
878 1133 937 1203 Ad
957 1131 1069 1203 divina
1087 1159 1228 1230 quoque
1241 1158 1361 1205 conver-

225 1276 296 1338 sae,
323 1254 474 1336 Urbem,
515 1250 724 1345 religionum
766 1248 984 1321 multitudine
1021 1246 1247 1337 fatiscentem,
1279 1248 1361 1321 saeris

224 1365 405 1437 Eleusiniis
435 1390 563 1462 augere
585 1365 723 1437 voluit*
789 1365 1029 1439 Laudabiliore
1055 1364 1153 1454 curi,
1184 1366 1360 1449 Gallorum,

225 1506 314 1576 quos
331 1480 459 1551 furiosa
477 1481 694 1554 Druidarum
722 1482 914 1579 superstitio
935 1480 1093 1554 humanis
1120 1481 1267 1554 victimis
1284 1482 1360 1552 Deos

225 1596 360 1692 placare
377 1597 511 1685 docuit,
536 1596 630 1670 feros
652 1599 751 1689 n'tus,
775 1600 906 1674 civibus
929 1600 993 1673 sub
1010 1604 1174 1699 Augusto
1194 1600 1266 1697 jam
1279 1596 1360 1669 inter·

225 1986 335 2054 riano.)
361 1986 418 2046 Sed
430 1988 584 2049 claudiano
596 2002 773 2053 senatuscon-

223 2069 308 2134 sulta,
332 2074 423 2144 major
436 2075 627 2148 sexagenaria,
651 2077 676 2131 si
689 2076 773 2132 peina-

829 1998 905 2055 ribns
927 2004 1118 2053 tractaretur.
1144 1994 1208 2053 Jul.
1223 1986 1358 2067 Capitolia.

831 2078 860 2133 in
877 2078 919 2134 M.
933 2077 1070 2135 Antonin.
1085 2096 1115 2131 x.

223 2166 281 2203 rem
308 2154 546 2229 quinquagenarii
568 2157 689 2223 danne,
710 2178 773 2229 per·

223 2226 288 2283 inde
307 2228 460 2300 habebitur,
483 2252 516 2290 ae
536 2236 561 2289 si
583 2241 673 2310 arator
696 2258 772 2292 sera-

221 2310 305 2384 gintu
333 2330 466 2368 ernrtnrnm
501 2315 623 2371 (inauret
651 2336 771 2373 ararem.

225 2388 309 2454 Qtead
344 2392 370 2447 si
410 2398 500 2469 major
533 2396 774 2473 quinquagenaria

223 2470 325 2527 minari
338 2476 518 2550 arragonum
532 2479 667 2550 nupserit,
683 2479 772 2552 impar

222 2553 426 2609 neutrirnnrriam
451 2557 629 2630 appellatur:
653 2567 681 2615 et
694 2581 772 2616 serra-

224 2635 397 2690 tnsconsnltn
434 2635 592 2692 Ctrlritinna
626 2640 773 2709 (assentior

224 2713 249 2768 C
253 2713 349 2778 tan-tn
357 2717 515 2770 emendanti
530 2717 694 2789 Claudiano,
703 2720 773 2778 licit

224 2791 373 2847 Perizonin
398 2809 426 2851 et
451 2795 632 2870 Sehulringio
660 2799 772 2875 placeat

224 2869 403 2939 Caluisiano)
419 2879 541 2950 jubetur
560 2898 612 2933 nem
635 2883 773 2954 proficere

222 2953 261 3008 ad
282 2953 428 3027 capiendas
450 2955 627 3025 hereditates,
648 2965 675 3014 et
697 2961 774 3036 legn-

223 3039 269 3090 tas
283 3036 370 3089 dotes.
407 3034 426 3090 I
427 3045 511 3110 taque
524 3038 635 3095 neat-tna
648 3042 772 3112 muliere,

222 3113 272 3169 dos
297 3116 400 3171 caduca
424 3117 489 3173 erit.
515 3119 575 3186 Qui
594 3120 772 3194 pluravolu-

220 3195 284 3264 erit,
298 3196 381 3251 arleat
394 3197 440 3253 (Ί.
458 3199 657 3271 lleineccinm,
671 3203 770 3278 Antip.

179 3323 183 3334 .
220 3274 301 3332 Rom.
323 3275 487 3354 Jarisprud.
514 3279 571 3338 vol.
586 3299 609 3338 1.
624 3302 655 3359 p.
670 3279 730 3350 296
743 3295 770 3340 et

219 3373 278 3430 seq.

261 3511 272 3539 ¹
297 3515 427 3591 Popillia.
469 3519 585 3577 Sueton.
612 3520 640 3577 in
661 3519 768 3579 Claud.

220 3611 323 3652 xxtrs.
359 3595 460 3654 Sana-it
485 3609 518 3656 at
541 3600 658 3678 pupillis
686 3611 768 3662 extra

219 3677 342 3733 ordinem
350 3683 458 3736 tutores
471 3680 489 3736 d
503 3683 659 3740 consulibus
670 3685 771 3740 daren-

219 3763 278 3814 tur.
319 3759 413 3816 Antei
433 3759 462 3816 in
483 3761 560 3818 Urbe
581 3764 717 3838 praetoris,
738 3764 766 3821 in

218 3837 371 3912 provinciis
395 3843 550 3917 praesidum
573 3857 634 3902 erat
660 3856 768 3902 tutores

217 3918 338 3993 pupillis
357 3919 433 3978 dare.
467 3923 543 3980 Cum
557 3925 683 3982 nondum
704 3925 765 4001 lege

218 3997 383 4056 Claudiana
407 4003 472 4060 satis
505 3999 668 4061 consultum
695 4017 766 4062 esset

218 4081 370 4150 tutoribus,
397 4082 441 4140 M.
455 4084 616 4141 Antoninus
640 4083 767 4142 Philoso-

217 4157 292 4235 phus
314 4171 463 4236 praetorem
490 4165 636 4221 tutelarem
658 4165 789 4242 primns·

206 4238 364 4318 secit,ctim
378 4244 443 4301 anti
456 4253 563 4302 tutores
577 4245 595 4301 a
609 4245 765 4306 consulibus

212 4333 405 4395 poscerentur,
422 4333 455 4385 at
467 4323 630 4406 diligentiis
643 4327 676 4388 de
689 4331 766 4388 tuto·

870 2154 883 2182 ²
907 2158 1012 2215 Rerum
1033 2166 1135 2213 aetrem.
1172 2154 1284 2211 Sueten.
1304 2146 1358 2205 ibid.

829 2239 918 2315 Apud
943 2239 1085 2295 Romanas
1102 2256 1146 2293 res
1165 2234 1228 2289 aliae
1248 2250 1294 2309 per
1307 2228 1358 2302 lipe-

831 2338 915 2387 mem,
932 2316 995 2375 alius
1012 2338 1060 2395 per·
1073 2328 1199 2373 aestatem
1215 2316 1358 2396 agebantur.

832 2398 1067 2456 Molestissimum
1089 2398 1167 2455 hanc
1188 2388 1358 2471 comperendi-
1389 2434 1390 2449 .

831 2491 930 2536 natum
956 2479 1072 2537 sustulit
1093 2477 1245 2536 Claudius.
1278 2464 1358 2530 Postei

831 2561 982 2618 restituisse
1017 2561 1128 2617 ridetur
1166 2555 1270 2620 Galba,
1305 2560 1357 2644 teste

832 2641 967 2698 Suetonio
992 2641 1021 2698 in
1044 2639 1132 2698 Galb.
1161 2655 1229 2696 xit.
1269 2631 1356 2690 illelius
1388 2647 1389 2652 ¹

827 2720 953 2798 providit
968 2721 1012 2780 M.
1027 2721 1199 2785 Antoninus,
1213 2734 1298 2804 supra¹
1310 2711 1358 2800 lau·

829 2803 922 2869 datus,
945 2801 995 2878 qni
1012 2801 1105 2880 fastis
1132 2801 1190 2857 dies
1206 2796 1356 2884 juditiaria

829 2883 950 2951 addidit,
976 2883 1017 2940 ita
1045 2890 1077 2940 ut
1101 2882 1232 2938 deneratas
1256 2877 1356 2958 triginta

830 2963 887 3020 dies
920 2982 1025 3020 aunreos
1060 2963 1139 3020 rebus
1173 2955 1284 3045 agendis
1314 2951 1356 3006 btr-

829 3045 931 3119 bnsque
962 3042 1153 3127 disceptandis
1186 3033 1354 3118 constitueret·

828 3123 890 3180 Jul.
919 3123 1074 3199 Capitolio.
1099 3123 1129 3179 in
1165 3121 1210 3178 M.
1238 3121 1355 3174 Antonia.

830 3223 862 3260 x.

870 3278 881 3312 ³
899 3283 969 3342 Tres
978 3283 1128 3362 pretorius
1142 3282 1227 3340 uiros.
1242 3273 1304 3338 Dio,
1316 3285 1353 3326 ts·

850 3359 944 3429 .671.
1332 3425 1336 3436 ι

829 3384 848 3442 p
867 3439 882 3475 ⁴
909 3445 1023 3521 Augere
1056 3443 1155 3502 voluit.
1196 3441 1351 3518 saetosa

827 3524 932 3582 Claud.
942 3542 1015 3580 xxti.
1039 3523 1128 3582 Sacro
1137 3519 1276 3582 Eleusinia
1286 3519 1350 3569 eitam

826 3603 983 3684 transferre
997 3623 1029 3660 er
1044 3605 1145 3662 Attica
1157 3605 1267 3662 Romam
1287 3603 1349 3678 coit·

826 3694 871 3743 tur
886 3695 937 3743 est.
966 3685 1126 3745 Transtulit
1140 3681 1235 3763 postea
1249 3669 1349 3736 lladna·

826 3785 888 3836 uus,
914 3779 947 3824 ut
972 3765 1055 3822 docet
1079 3767 1179 3824 Aurel.
1202 3761 1303 3818 Victor·
1323 3745 1347 3836 Ae

826 3848 929 3906 Caesar.
942 3846 971 3903 in
987 3847 1079 3902 lladr.
1103 3841 1251 3904 Eleusiniis
1271 3843 1345 3918 εεφξι

826 3927 921 3986 Cereri
935 3946 970 3984 ac
985 3927 1157 4004 Proserpina
1172 3921 1274 3986 dicatis,
1293 3901 1344 3966 nihil

826 4007 881 4066 fuit
889 4009 967 4086 apud
980 4009 1097 4066 Graecos
1109 4003 1270 4068 celebratius
1278 4003 1344 4051 seen·

824 4089 935 4147 tiusve:
969 4109 1093 4166 quorum
1126 4092 1162 4147 ob
1194 4081 1342 4144 contentum

822 4171 926 4246 capitis
945 4171 1095 4231 damnatus
1115 4181 1155 4232 cst
1175 4165 1288 4248 optimus
1304 4147 1339 4204 ss*

821 4259 923 4313 crates.
