2859 4950
231 212 296 281 622
536 218 659 280 NOTAE
680 218 734 279 ET
753 214 1084 281 EMENDATIONES

276 366 479 457 Eloquentia,
506 370 695 456 presidium.
739 368 788 435 Its
820 380 937 437 veteres
971 369 1130 437 editiones.
1174 369 1230 436 Sic
1253 392 1357 459 quoque

231 478 376 567 piscebst
389 480 544 545 Acidslio.
587 480 713 547 Frustrs
729 480 856 568 Lipsius
871 494 904 547 et
917 480 1112 564 recentiores,
1126 480 1308 571 eloquentis.

277 588 337 656 Ver
347 590 521 677 injudicio.
564 590 679 657 Mutet
694 592 850 671 Muretus,
872 593 934 657 siue
948 592 1121 680 injudicio.
1390 664 1391 677 χ

276 700 341 767 Cui
361 703 461 789 porti.
504 699 553 767 Its
580 699 683 768 MSS.
710 702 814 769 Vstic.
846 704 971 791 Lipsius
995 718 1026 769 et
1047 701 1242 768 recentiores.
1284 702 1356 767 Meli
1390 678 1391 695 Χ

228 813 323 881 editio
336 814 488 901 princeps,
502 815 552 880 cui
559 814 701 902 purtim:
724 816 804 879 unde
816 814 1005 881 Puteolanus
1018 828 1049 881 et
1061 813 1124 896 ulii,
1137 816 1187 881 cui
1194 816 1357 903 presertim
1390 806 1391 823 ³

272 1032 302 1101 C
307 1056 362 1101 er.
376 1036 408 1103 6.
436 1034 504 1101 Uno
518 1035 635 1125 aliquo.
679 1034 727 1102 Its
740 1034 843 1103 MSS.
857 1032 958 1102 Vetic.
973 1049 1005 1102 et
1026 1034 1069 1102 sic
1083 1035 1230 1123 placebat
1244 1034 1358 1100 schun-

226 1144 376 1213 sseiscbio.
419 1146 556 1213 inlibris
577 1146 678 1227 editis,
699 1168 761 1213 uno
775 1146 885 1219 alioue.
929 1146 1020 1213 Unde
1033 1151 1168 1212 tentabat
1183 1145 1357 1223 Gronovius,

226 1258 371 1323 alterove.
416 1256 518 1323 Unum
533 1258 666 1345 aliquem
681 1258 761 1323 diem
774 1257 850 1323 dixit
862 1257 998 1338 Tullius,
1017 1280 1063 1323 ιν.
1079 1258 1111 1323 in
1125 1256 1271 1323 Verrem.

267 1364 514 1437 nommsssm.
556 1368 607 1435 n.
621 1369 726 1436 mss.
740 1370 843 1435 varic.
858 1349 966 1435 'suam
979 1371 1066 1435 nest
1079 1368 1097 1433 r
1111 1368 1198 1433 uum
1212 1368 1310 1433 suu..

270 1476 379 1569 Neque
389 1480 492 1567 officii.
536 1479 726 1547 Mevius.
745 1482 837 1547 1862.
851 1502 913 1545 eros
927 1478 1029 1564 efficii.
1072 1479 1201 1544 Veteres
1217 1479 1357 1555 editione,

222 1612 320 1677 neque
344 1590 451 1677 officiis
471 1591 604 1681 aiicujus
631 1590 896 1657 administrandis.
940 1590 1035 1663 Quod
1059 1592 1216 1677 probabat
1244 1590 1357 1655 schun-

221 1700 395 1769 tieischius:
417 1704 471 1767 sed
485 1724 543 1788 pro
556 1702 689 1791 nlicrrjm
703 1705 838 1768 tentabat
851 1703 943 1768 olins.

267 1812 339 1879 Sibi
350 1814 411 1901 ipsi
424 1812 506 1879 duri.
549 1813 676 1882 Frustra
691 1812 879 1894 Gronovius,
901 1814 962 1879 tibi
975 1814 1043 1901 ipsi.

266 1924 345 1991 Illos
358 1926 535 2014 quinimmo.
578 1922 682 1991 MSS.
695 1924 798 1990 Votic.
819 1926 899 1992 1862
913 1937 946 1990 et
963 1934 1057 1991 1518.
1071 1924 1152 1991 istos.

264 2035 469 2125 Etpotentes.
511 2037 559 2103 tn
574 2037 700 2125 Lipsius
723 2038 741 2103 ὲ
765 2036 843 2102 MS.
866 2036 991 2103 Abeunt
1014 2038 1054 2101 ub
1078 2036 1269 2101 editionibus
1290 2048 1353 2100 rete·

217 2145 314 2225 pbus.

263 2260 415 2326 Homines
427 2272 549 2326 ueteres.
577 2258 736 2325 Acidaiius
750 2258 882 2338 delebat,
897 2270 1017 2325 ueteres.

267 2368 363 2437 Urbis
373 2371 491 2461 grotid.
535 2371 588 2438 Sic
603 2370 746 2437 Pithoeus
761 2384 792 2436 et
807 2372 1001 2437 recentiores.
1044 2369 1082 2435 ln
1098 2370 1202 2436 MSS.
1217 2368 1316 2436 Vetic.
1327 2382 1351 2433 et

216 2483 401 2550 editionibus
414 2485 575 2564 veteribus,
597 2483 690 2549 orbis.

263 2594 358 2667 Quod
370 2596 518 2684 optimum
531 2595 582 2661 sit.
625 2595 717 2660 Male
743 2607 835 2658 tentet
862 2593 1050 2673 Gronovius,
1073 2593 1109 2659 id
1131 2595 1216 2682 qnod
1239 2591 1350 2682 upudte

214 2707 268 2786 sit,
288 2731 320 2773 se
334 2729 395 2773 non
408 2707 527 2773 iubere.

260 2816 356 2888 Quod
365 2818 526 2908 goudium.
570 2818 673 2884 MSS.
686 2817 786 2882 Vetic.
800 2815 882 2905 quod
897 2816 932 2881 id
941 2817 1101 2906 gaudium.

212 2955 217 2964 ’
257 2927 506 3017 Adsistendique.
550 2929 665 2996 Mutet
680 2929 840 3009 Ernestus,
859 2927 1050 3016 dicendique.
1084 3008 1092 3036 s

258 3039 479 3130 circumfundi
491 3065 605 3106 eorum.
646 3038 805 3106 Acidalius
826 3053 857 3106 et
878 3039 1017 3105 Schelius
1042 3039 1177 3120 mallent,
1199 3063 1348 3108 common.-

212 3152 357 3238 probsvit
370 3151 526 3234 Ernestus,
547 3151 695 3240 etedidit.

257 3261 483 3352 Quemcumque
495 3273 602 3330 orator
613 3263 761 3329 induerit.
804 3261 853 3328 Its
877 3262 1002 3350 Lipsius
1028 3276 1058 3329 et
1082 3266 1275 3332 recentiores.
1315 3261 1344 3329 Io

211 3373 361 3439 veteribus
374 3374 566 3453 editionibus,
588 3396 778 3462 quocumque
792 3387 899 3440 erutor
908 3377 1073 3442 induruit.
1097 3375 1214 3442 Mallet
1227 3377 1344 3443 Scirum·

86 3522 89 3528 ·
209 3483 373 3565 sseischius,
394 3497 699 3574 quocumqueorutor
711 3487 882 3572 respexerit.

255 3592 435 3662 Percensen.
479 3596 566 3662 Bene
599 3596 746 3662 editiones
781 3611 895 3662 veteres
920 3610 952 3662 et
973 3599 1165 3666 recentiores.
1210 3597 1340 3664 ntuetr

195 3705 316 3781 ,mediis
329 3705 523 3793 quibusdem,
540 3731 642 3794 porco
656 3730 770 3774 censeo.

250 3815 369 3906 Adfert
383 3819 561 3884 orationem.
605 3817 659 3883 Sic
673 3817 742 3886 iibri
758 3843 864 3885 ornnes
878 3819 962 3886 editi.
994 3819 1032 3885 lu
1044 3819 1125 3886 MS.
1136 3819 1238 3888 Vstic.
1256 3820 1337 3886 1862.

201 3925 337 4018 profert.
379 3925 460 3994 MS.
476 3927 576 3994 Vntic.
589 3937 686 4003 4498.
698 3929 780 4018 sert.
826 3929 903 3996 MS.
917 3930 1017 3996 varic.
1037 3939 1128 3999 1518.
1146 3929 1292 4020 proferre.

252 4037 471 4125 ibepidatione
490 4039 600 4105 urrinni.
643 4036 692 4105 Its
719 4037 856 4107 Pichens
880 4055 910 4105 et
942 4045 1125 4109 recentiores
1148 4068 1262 4112 omum.
1302 4040 1334 4104 Iu

205 4142 314 4226 MSS.
323 4149 424 4216 Vstic.
438 4163 471 4215 et
483 4148 666 4217 editionibus
681 4151 841 4230 veteribus,
864 4153 995 4220 unimus.
