2859 4950
56 276 172 361 tesan
343 293 453 358 mum
474 291 623 368 onium
644 299 888 365 ansanum.
1051 262 1188 374 ’ω

53 456 166 557 assequi
181 477 252 532 non
267 454 389 555 potuit.
441 455 539 530 cum
563 455 728 530 callidum
744 457 875 534 Tiberii
895 458 1074 562 ingenium
1091 466 1188 544 haud

54 575 120 650 aliis
143 574 248 675 magis
274 571 486 660 innotuerit,¹
511 571 668 669 nihilque
687 576 734 646 ad
756 578 975 669 memoriam,
1000 583 1044 655 ad
1069 607 1189 658 exem·

54 693 133 792 plum
146 690 320 766 inlustrius
335 690 484 764 habeant
500 689 669 780 Annales,
693 690 730 764 id
744 692 947 792 diligentius
963 723 1146 796 exsequar.

92 937 141 998 18.
166 927 371 1014 Ttnnnms,
396 938 620 1024 gravescente
637 941 750 1016 aetate‚
768 923 949 1001 libidinum
967 928 1188 1022 immodicus,

52 1041 239 1142 principattis
261 1059 377 1115 tamen
402 1041 544 1114 minimi
572 1042 778 1132 incuriosae,
803 1044 884 1140 ipsis
907 1047 1009 1118 etiam
1032 1049 1120 1121 vitiis
1144 1049 1188 1120 ad

51 1159 217 1232 occulenda
249 1159 391 1233 consilia
421 1157 673 1256 tutandamque
706 1161 976 1234 dominationem
1015 1167 1186 1236 utebatur.

51 1276 148 1372 Specie
165 1277 307 1374 quidem
318 1277 410 1349 iners
425 1301 599 1350 summam
611 1301 731 1350 rerum
742 1280 867 1377 Sejano
883 1279 1114 1375 permittebat,
1127 1283 1189 1352 sed

51 1415 217 1492 numquam
259 1391 327 1466 fuit
368 1392 552 1483 oculatior,
576 1410 615 1466 ut
649 1395 763 1468 virum
795 1395 1047 1490 introspiceret,
1082 1421 1189 1494 quern

50 1509 157 1582 socium
172 1509 347 1609 dignitatis
363 1509 514 1598 volebat,
532 1533 729 1582 eversorem
745 1510 940 1583 verebatur.
982 1511 1189 1588 inclinatum

49 1625 80 1696 td
96 1627 319 1733 suspicionem
340 1627 496 1702 animum
518 1625 664 1700 advertit
682 1625 848 1702 Gaetulici
873 1626 1043 1717 adfinitas,
1072 1630 1188 1701 firma·

48 1742 82 1813 n
95 1744 196 1818 Asinii
222 1743 400 1819 studium:
428 1762 463 1817 et
485 1761 558 1817 arte
586 1743 752 1842 plurimi,
777 1744 852 1842 ipsa
872 1741 1005 1817 timoris
1026 1769 1129 1817 causa
1149 1745 1188 1818 ia

48 1859 91 1930 diu
114 1859 310 1936 meditatam
337 1859 447 1934 Asinii
473 1859 609 1934 ruinam
636 1860 759 1951 cessit3
786 1861 834 1933 ita
858 1877 987 1949 nmen,
1022 1862 1187 1950 otides,

48 1975 66 2044 si
79 1979 189 2076 Sejano
205 1979 356 2080 inesset,
380 1993 565 2069 cresceret,
589 1977 747 2075 perfidia,
771 1977 799 2050 si
819 2001 890 2077 qua
905 1973 1010 2068 foret,
1029 1977 1187 2057 ,retarda-
1289 1965 1293 1974 ¹

49 2107 132 2168 tetur.

83 2334 130 2398 19.
154 2328 304 2400 Icrnun
345 2325 432 2402 ciant
466 2325 608 2400 Asinius
637 2327 826 2426 Sejanum²
864 2323 965 2399 novis
992 2326 1187 2404 honoribus

45 2444 272 2519 cumulandum
289 2444 489 2535 censuisset,
514 2461 550 2519 et
562 2443 794 2519 adnuentibus
806 2441 988 2540 pampus,
1000 2445 1187 2542 Campani·

45 2580 97 2646 am,
118 2579 154 2633 ut
171 2565 351 2637 Caesarem
368 2560 435 2636 hic
453 2588 559 2661 super
573 2586 615 2635 re
634 2560 845 2650 consuleret,
869 2577 958 2633 esset
980 2557 1184 2657 profectus,
1246 2610 1252 2621 ·
1299 2595 1302 2600 ,

44 2675 159 2765 perlata
177 2678 334 2752 Romam
349 2680 517 2777 Principis
534 2679 657 2770 litera,
683 2677 810 2777 quibus
837 2678 1089 2750 “turbatorem
1106 2675 1186 2751 Asi·

44 2795 63 2831 “
82 2792 181 2886 nium,
192 2794 229 2868 in
245 2794 447 2894 Agrippini
458 2796 670 2884 adulterum,
680 2790 920 2893 suoSyriaco³
937 2791 1030 2865 male
1041 2810 1186 2867 conten·

43 2910 62 2945 “
80 2922 158 3000 tum,
183 2931 217 2987 et
235 2913 351 3011 Sejani
376 2912 562 2987 amicitiam
578 2911 730 3009 Principi
754 2910 993 2983 invidentem”
1020 2926 1181 2984 accusat:

44 3026 62 3063 “
80 3048 151 3098 euru
176 3028 292 3101 statim
317 3028 467 3127 corripi3
504 3028 704 3117 consulum,
737 3026 808 3115 vel,
831 3024 992 3122 Principe
1022 3026 1183 3116 consule,

43 3143 263 3237 “pratorum
292 3148 461 3221 custodiae
489 3147 604 3223 tradi”
636 3148 746 3247 jubet.
795 3146 928 3233 Patres,
957 3142 1057 3243 gnari
1088 3144 1184 3240 apud

45 3254 195 3334 Caesarem
221 3288 338 3336 moras
364 3262 451 3337 verti
467 3263 504 3336 in
519 3263 667 3353 crimen,
691 3257 874 3336 confestim
895 3250 1037 3333 mittunt
1056 3274 1183 3358 prato·

43 3390 110 3465 rem,
132 3380 190 3479 qui
207 3379 371 3454 Asinium
386 3383 671 3480 comprehendat.
771 3460 780 3487 ,

72 3650 181 3721 'Haud
201 3662 275 3723 alitis
295 3662 384 3742 magis
404 3662 569 3723 innotuerit.
627 3662 689 3721 lusi
714 3668 811 3719 narrat
832 3658 901 3730 Dio,
931 3676 1026 3719 nunt.
1051 3678 1082 3737 p.
1107 3654 1177 3723 622.

44 3732 124 3823 iliter,
154 3744 200 3799 scd
228 3745 346 3803 minime
371 3745 570 3821 probabiliter,
627 3743 810 3801 AdDioncm
820 3741 940 3817 ejusque
951 3753 1089 3818 excerpta
1100 3740 1180 3805 haud

46 3811 135 3900 ¹liborio
157 3842 231 3901 saepe
252 3826 458 3901 iniquissimus,
486 3825 568 3883 Suet.
625 3824 692 3881 satis
725 3824 848 3881 attendit
873 3822 921 3880 Cl.
948 3819 1075 3892 Crivier,
1108 3821 1180 3884 cum

44 3896 158 3961 ¹¹¹Tibcr.
173 3922 249 3964 axv.
278 3906 411 3983 Spanum
424 3924 569 3965 restanus
625 3904 750 3983 scripsit,
779 3903 912 3963 Histoire
930 3903 979 3960 dea
1000 3901 1179 3978 Emperwrr,

45 3978 390 4069 molientemqunmtisjam
404 3987 568 4045 etnotnlem
624 3984 715 4044 volt.
731 4006 760 4063 p.
775 3991 843 4045 551.
886 3981 1004 4042 Asinius
1024 3992 1113 4059 ayant
1134 3982 1180 4044 e‘ti

43 4058 87 4127 tjtr
105 4065 205 4136 pollici
226 4066 371 4136 celebrari,
390 4073 420 4126 ct
432 4068 569 4145 imagines
622 4065 784 4143 diputipar
795 4062 1180 4141 lcsrnatoertl'Emperrur,

44 4152 122 4199 aureos
131 4146 182 4203 coli
191 4150 293 4223 passim
303 4147 431 4207 uideret:
446 4148 495 4207 uir
504 4156 568 4205 tau·
620 4166 687 4205 tunt
701 4166 753 4225 quc
765 4166 834 4206 noas
853 4143 994 4223 pristiam
1005 4143 1069 4203 dire
1082 4145 1101 4201 d
1115 4144 1182 4223 quei

43 4214 89 4305 lent
102 4232 126 4280 et
143 4236 204 4285 artu
227 4228 314 4307 magis
334 4249 368 4288 no
388 4228 463 4297 dolo,
485 4229 567 4305 purim
621 4232 707 4306 rtp'et.

41 4302 169 4377 ltmcipali
205 4310 378 4369 anctoritate
415 4308 566 4368 solvente.
664 4304 748 4367 ²Suo
762 4304 893 4383 Syriaco.
934 4302 1073 4382 Syriacus
1086 4304 1180 4365 Asinii

45 4374 222 4447 Dehisadhuc
235 4389 505 4467 diceturinlracnp·
516 4394 566 4455 87.
622 4388 702 4448 Galli
717 4387 840 4447 amicus.
882 4385 952 4456 Dio,
972 4384 1031 4446 loc.
1044 4386 1097 4447 cit.

74 4452 164 4525 ²Cim
176 4469 288 4531 Atinias
307 4470 450 4551 Sq'unum.
492 4470 565 4528 llaec
