2859 4950
297 303 357 363 ru
378 300 606 364 nraroounr
627 300 686 361 nn
708 300 985 369 onnronrnns
1051 356 1066 383 ,
1166 300 1228 375 oss

547 454 593 523 1).
688 419 746 523 'nn

395 592 710 663 nvrrcunrr
739 587 918 669 armo:

377 729 468 807 our
503 730 663 797 vrxrc
696 731 828 856 aps.
866 730 918 797 vr

365 868 563 938 ursnvs
600 868 663 937 vr.
700 866 915 935 rnorsvs
991 914 996 947 ,

310 1006 699 1081 ruensvvsovn
737 1004 972 1075 scc‘ssrs

399 1142 759 1213 conemnrvru
796 1142 882 1225 xc.

404 1280 564 1348 sacru
601 1280 774 1350 nnana
811 1280 877 1349 nn

273 1459 277 1464 -
448 1417 520 1483 nn
558 1416 894 1487 mensnra-

49 1644 183 1732 Nempe
199 1642 369 1728 Eutyches,
392 1644 541 1730 ingennus
563 1642 699 1731 quidem,
723 1622 777 1709 sed
792 1634 1060 1731 insans'parvulus,
1082 1640 1113 1706 irr
1137 1639 1217 1707 libe·

46 1756 178 1824 talitatis
193 1770 322 1823 tesseras
335 1756 447 1823 incisus
460 1769 517 1837 est,
539 1770 570 1821 et
584 1754 786 1843 Congiarium
802 1756 923 1843 accepit
937 1752 1078 1823 denarios
1092 1766 1216 1820 centum

45 1868 151 1959 Angl.
167 1868 213 1936 sl.
228 1870 275 1935 6³.
291 1869 343 1936 Sd
484 1910 488 1919 ·

93 2089 396 2174 HADRIANUS,
417 2092 530 2181 inquo
542 2094 643 2181 magis
665 2096 752 2161 fuere
773 2093 918 2161 virtutum
937 2092 1096 2180 imagines,
1119 2088 1213 2179 qudm

48 2203 124 2289 ipsae
148 2204 286 2286 virtrrtes,
319 2204 447 2293 Trajani
479 2206 696 2274 liberalitatem
722 2205 880 2273 aemulatus
903 2218 960 2273 est.
1005 2206 1157 2271 Nondum
1183 2204 1215 2269 in

48 2314 172 2383 Urbem
196 2328 332 2400 venerat,
356 2318 428 2405 jam
452 2330 556 2384 ternos
580 2334 700 2398 aureos,
732 2317 833 2409 Angl.
857 2315 902 2383 ΕΙ.
933 2324 995 2382 12⁵.
1017 2314 1071 2382 od.
1095 2313 1214 2403 populo

46 2428 161 2495 viritim
175 2429 244 2496 dari
258 2432 368 2497 absens
381 2442 550 2497 curaverat.
595 2429 720 2498 Deinde
735 2428 767 2498 in
791 2427 879 2496 Urbe
894 2426 1007 2516 duplex
1023 2426 1214 2514 congiarium

46 2565 181 2628 praesens
196 2543 301 2610 dedit:
323 2558 366 2624 et,
386 2556 421 2610 ut
434 2544 604 2609 maximam
616 2525 806 2612 liberalitatis
819 2544 936 2610 lamam
951 2553 1084 2628 pararet,
1107 2546 1128 2578 “
1144 2539 1198 2604 inb

45 2654 144 2720 nitam
158 2653 338 2741 pecuniam,
359 2679 430 2742 quae
440 2655 518 2723 fisco
532 2657 713 2736 debebatur,
735 2655 860 2742 privatis
874 2654 1066 2724 debitoribus
1081 2649 1213 2720 inUrbe

44 2780 137 2852 atque
149 2768 183 2834 in
197 2765 304 2848 ltalit,
325 2768 358 2832 in
372 2767 538 2854 provinciis
549 2769 621 2834 verb
631 2767 726 2835 etiam
738 2791 775 2833 err
789 2766 913 2856 reliquis
924 2767 1062 2854 ingentes
1076 2785 1213 2833 summas

45 2878 175 2962 remisit,
197 2879 379 2966 syngrapbis
394 2880 426 2945 in
440 2881 511 2947 foro
525 2880 588 2946 divi
600 2880 740 2970 Trajani,
762 2879 824 2966 quo
839 2877 936 2964 magis
951 2877 1097 2946 securitas
1112 2877 1214 2944 omni·

44 2992 103 3056 bus
122 2994 334 3070 roboraretur,
356 2991 517 3074 incensis,”
547 2993 701 3080 Spartiau.
725 2992 758 3058 in
784 2991 934 3060 Hadrian.
957 3015 1029 3082 cap.
1055 3001 1086 3063 7.
1131 2990 1212 3064 Quae

44 3100 275 3170 debebanturd
294 3102 427 3170 sedecim
453 3102 551 3187 annis,
572 3128 685 3192 nempe
707 3107 749 3170 ab
773 3104 815 3172 A.
830 3102 873 3170 U.
889 3101 929 3170 C.
943 3111 1020 3170 855.
1044 3104 1084 3169 ad
1098 3125 1212 3170 annum

14 3220 120 3284 Ι871.
153 3213 252 3281 fuisse
277 3216 404 3282 remissa
427 3215 624 3296 docet'Dio,
652 3238 758 3282 ιω.
781 3241 814 3304 p.
830 3225 905 3292 791.
951 3214 1082 3284 Summa
1107 3229 1213 3282 autern
1300 3203 1305 3210 “

44 3323 248 3414 reliquorum,
284 3350 354 3416 quae
381 3326 508 3394 remissa
535 3342 615 3408 sunt,
650 3328 710 3395 luit
738 3327 843 3394 novies
879 3325 991 3392 millies
1007 3311 1009 3319 ¹
1025 3328 1212 3409 sestertidnr,

46 3437 146 3526 Angl.
161 3439 362 3521 7,5oo,000l.
385 3452 463 3507 teste
478 3439 728 3525 praestantissimo
744 3438 898 3507 Hadriani
916 3461 1056 3520 nummo,
1078 3439 1166 3525 cujus
1180 3440 1212 3507 in

45 3550 272 3637 anticipante:
297 3547 411 3618 IMP.
438 3550 644 3620 CAESAR
672 3549 948 3618 TRAIANVS
984 3549 1212 3621 HADRIA-

43 3661 77 3727 N
85 3663 148 3730 VS
177 3663 292 3731 AVG.
323 3664 363 3730 P.
388 3663 441 3732 M.
466 3665 555 3732 TR:
578 3663 620 3730 P.
650 3663 760 3733 COS.
788 3662 840 3730 ll.
870 3663 971 3750 capite
994 3663 1154 3732 laureato:
1177 3665 1211 3732 in

44 3775 179 3860 posticd,
215 3774 452 3851 RELIQVA
490 3775 703 3843 VETERA
744 3773 809 3842 HS
849 3774 1051 3844 NOVlES
1096 3775 1210 3848 MIL.

43 3884 295 3956 ABOLITA.
325 3888 395 3954 SC.
439 3887 619 3956 Hadrianus
642 3903 727 3956 stans
752 3890 853 3955 facem
878 3900 963 3954 tenet
977 3901 1009 3953 et
1022 3892 1210 3978 syngraphas

44 3995 191 4066 incendit.
234 4001 331 4070 Juvat
357 4025 482 4091 qnoque
501 4027 559 4098 ¹err
588 4001 694 4070 MSS.
730 4000 851 4070 schedis
881 4000 1038 4068 Sirmondi
1067 4003 1211 4071 adtexere

73 4269 268 4330 nonanus
284 4278 354 4346 lrnp.
372 4293 433 4332 ann.
447 4293 494 4330 n.
511 4293 548 4331 rn.
558 4293 586 4330 x.
597 4278 625 4330 d.
637 4290 721 4332 xrru.
738 4277 908 4344 conginrinm
920 4277 994 4330 dedit
1004 4291 1056 4331 ιι.
1069 4276 1128 4328 Hoc
1141 4275 1209 4342 Imp.

43 4370 168 4435 templum
180 4373 271 4428 Rome
283 4382 312 4429 et
322 4376 433 4430 Veneris
442 4375 601 4430 fabricatam
611 4383 660 4430 est.
677 4377 799 4430 &serit
812 4377 873 4430 Bais
884 4375 1024 4431 veteribus.

131 4473 217 4521 son.
242 4479 291 4524 ιν.
1060 4465 1121 4524 Η
