2859 4950
510 335 749 396 GERMANIA.

1165 344 1203 407 27

53 496 240 577 abscondi.¹
293 494 364 569 Sed
389 508 423 566 et
446 492 632 567 levioribus
657 490 815 580 delictis,²
843 512 908 589 pro
932 490 1052 581 modo,
1076 510 1203 589 paena:

54 638 222 714 equomm
248 634 488 708 pecorumque
511 612 682 681 numero¹
710 605 856 680 convicti
886 606 1098 679 multantur:
1125 634 1205 705 pars

57 732 195 804 multae⁴
228 727 319 826 regi,
352 726 407 799 vel
441 726 576 816 civitati,
610 749 690 821 pars
723 722 786 820 ipsi
820 721 879 820 qui
912 721 1115 813 vindicatur,
1148 725 1205 799 vel

61 842 255 943 propinquis
271 846 346 941 ejus
361 841 560 915 exsolvitur.
611 839 800 938 Eliguntur
815 837 852 909 in
866 836 987 910 iisdem
1003 837 1154 913 conciliis
1170 858 1205 945 at

62 960 251 1057 principes,5
273 956 335 1055 qui
355 961 434 1055 jura
457 981 519 1054 per
543 979 651 1053 pagos
665 953 829 1052 vicosque
845 952 1006 1026 reddunt.
1058 954 1204 1031 centeni

59 1076 197 1174 singulis
226 1074 400 1171 explebe
432 1072 587 1162 comites,
613 1071 795 1146 consitium
819 1068 921 1144 simul
946 1086 980 1143 et
1008 1070 1203 1161 auctoritas,

58 1193 190 1265 adsunt.

97 1448 108 1476 ¹
153 1450 280 1529 flagitia
307 1449 446 1508 abscondi.
487 1450 604 1527 Egregia

57 1532 186 1588 dictum.
226 1531 347 1607 flagitia
361 1531 435 1587 enim
456 1530 500 1587 val
522 1531 605 1607 poeub

56 1612 223 1667 discuntur.
263 1610 387 1669 Publica
414 1623 509 1668 autem
529 1613 605 1669 sami

60 1692 171 1748 crescit
194 1691 287 1748 horror
305 1690 453 1748 scelerum.
496 1692 604 1768 'l'uqria

58 1784 131 1828 sunt
146 1770 257 1847 flagitia,
271 1772 372 1847 iniqua
389 1772 504 1829 scelera.
538 1774 606 1829 luda

59 1852 170 1920 livius,
186 1870 304 1909 xxxix.
320 1848 366 1908 16.
395 1851 495 1908 Minis
516 1861 605 1909 tamen

57 1940 140 2003 esset,
155 1934 181 1988 si
181 1933 312 2010 flagitiis
327 1931 434 1990 tuatim
451 1933 608 2006 ffamirrati

48 2012 156 2089 serent
185 2014 327 2087 (ipsorum
347 2012 449 2088 magud
469 2032 502 2069 er
523 2022 607 2088 parte

59 2094 178 2151 dedecus
188 2096 272 2161 erat)
289 2092 490 2169 djircinuribus
502 2113 607 2163 manus,

57 2186 175 2231 mentem
206 2172 364 2251 fraudibus
401 2171 607 2231 abstinuissent.

61 2252 605 2331 lnlegaBurgundionum'l’it.xxxiv.

60 2332 110 2409 lug.
123 2344 150 2391 l.
164 2333 201 2391 Si
208 2353 263 2411 qua
274 2334 372 2390 mulier
379 2333 508 2390 maritum
519 2354 606 2404 strum,

62 2417 102 2471 cui
120 2412 250 2492 legitimi
261 2416 368 2490 juncta
389 2420 438 2484 est,
460 2414 606 2488 dimiserit,

66 2508 174 2553 necetur
189 2497 218 2552 in'
233 2496 302 2553 luto.

101 2572 114 2599 ²
132 2575 303 2634 Latiaribus
317 2574 436 2632 delictis.
459 2575 505 2632 Ne
515 2574 556 2630 ita
569 2575 607 2630 lc-

67 2657 110 2712 ria
128 2671 229 2714 tamen
243 2655 348 2712 delicta
369 2655 529 2711 credideris.
570 2655 608 2712 lis

62 2739 133 2793 enim
174 2745 401 2793 annumerantur
444 2732 608 2808 homicidia,

63 2817 217 2888 adulteria,
232 2817 319 2884 furta,
338 2816 453 2891 aliaque
471 2816 499 2872 id
522 2835 608 2892 genus

60 2899 197 2973 plurima,
219 2908 252 2953 ut
275 2907 385 2954 cunstat
400 2914 436 2951 ex
454 2897 611 2953 Germano-

62 2999 125 3035 rum
146 2978 260 3055 legibus
279 2977 399 3053 ipsoque
417 2977 519 3034 Tacito
537 2976 610 3035 iufra

63 3079 127 3135 cap.
140 3065 191 3116 21.
234 3057 342 3116 Verum
357 3067 390 3113 ut
403 3072 610 3133 cognoscantur

64 3159 195 3214 quanam
228 3149 318 3196 essunt
351 3137 408 3196 illae
438 3138 608 3196 delictorum

64 3239 164 3296 punse,
180 3219 363 3296 proponenda
381 3229 447 3276 sunt
467 3219 608 3296 exempla,

66 3321 130 3376 qua
154 3302 220 3358 vida
242 3301 272 3357 in
296 3312 364 3356 not.
383 3309 410 3356 et
435 3299 544 3356 emend.
571 3301 608 3356 ad

65 3403 129 3456 cap.
146 3389 203 3440 ta.-

104 3457 116 3490 ³
139 3463 327 3538 Prcarumque
340 3482 459 3518 numero.
481 3461 610 3520 Rutunc

65 3545 131 3600 solie
145 3563 223 3621 oper,
237 3553 271 3598 ut
284 3543 394 3600 dictum
408 3559 496 3618 supra
506 3559 571 3618 cap.
583 3547 610 3599 5.

67 3625 168 3682 Postea
204 3623 323 3680 accessit
356 3624 461 3699 argenti
488 3623 609 3697 aurique

65 3707 159 3781 copia.
202 3703 272 3759 lude
288 3703 316 3758 iu
332 3702 391 3780 lego
411 3704 508 3761 salica
521 3722 609 3778 panau

66 3804 163 3842 omnes
189 3783 363 3861 prauniariae
384 3795 459 3841 sunt.
502 3784 611 3840 Mansit

66 3879 160 3924 tamon
176 3883 312 3942 pecorum
337 3883 412 3932 usus,
430 3877 462 3921 ut
483 3877 561 3940 pntet
574 3884 609 3920 ex

68 3947 126 4020 lege
137 3948 297 4013 Saxonum,
310 3945 368 4002 Tit.
382 3963 477 4002 xviii.
498 3945 611 4002 Solidus

69 4021 109 4084 ist
129 4027 248 4103 duplex:
272 4045 344 4082 arnus
365 4025 445 4082 babet
467 4027 535 4083 duos
555 4033 612 4082 tre-

66 4110 168 4178 mimas,
182 4109 212 4165 id
224 4115 277 4174 est,
297 4107 344 4163 bos
360 4113 395 4163 1‘2
408 4107 549 4173 anensium,
569 4108 614 4163 uel
619 4113 625 4155 l

68 4191 127 4246 oris
142 4207 202 4245 cum
219 4205 314 4264 agno:
336 4188 409 4244 alter
427 4186 533 4243 solidus
553 4193 611 4242 tres

70 4271 214 4338 tremisses,
235 4268 266 4324 id
279 4275 331 4335 nt,
351 4269 398 4324 bor
421 4265 458 4322 lb'
471 4266 612 4324 iriensium.

71 4349 180 4424 rllry'nri
196 4349 286 4406 solida
308 4350 370 4406 alia
396 4347 612 4423 cosmus-itiones,

71 4431 167 4486 minori
180 4430 326 4487 bornicidia
339 4437 550 4505 componuntur.
565 4427 613 4484 lb-

71 4511 151 4580 idem,
167 4511 245 4588 apud
261 4509 439 4570 westfalaos
452 4525 482 4568 ct
501 4513 612 4586 Angla-

659 1450 713 1507 rios
725 1461 752 1507 et
764 1447 917 1506 Ostsaluios
926 1448 1031 1506 solidus
1042 1456 1092 1519 est,
1103 1446 1202 1505 seculis

659 1530 761 1605 scqffila
786 1536 834 1587 30.
862 1530 940 1587 ordei
962 1534 1011 1584 40.
1039 1547 1131 1585 arena
1153 1524 1202 1585 60.

659 1610 855 1687 —quadrimis
879 1608 993 1682 (melius
1020 1608 1199 1685 quadrimus)

660 1692 716 1760 bos,
738 1692 791 1748 duo
802 1690 900 1748 solidi:
924 1692 977 1747 dua
997 1691 1086 1756 bones,
1107 1688 1203 1763 quibus

659 1772 738 1828 arari
762 1778 865 1848 potest,
893 1769 1011 1847 quinque
1034 1768 1133 1825 solidi:
1156 1768 1204 1825 bos

659 1852 744 1907 bonus
756 1862 814 1909 tres
826 1852 924 1910 solidi:
940 1869 1024 1907 uacca
1035 1869 1095 1906 cum
1104 1846 1202 1918 uitulo,

659 1932 742 1989 solidi
755 1933 807 1989 dna
822 1940 849 1991 et
861 1932 950 1989 acinis.
992 1928 1080 1987 Plura
1096 1928 1203 2000 adhuc,

659 2023 688 2068 et
699 2014 777 2088 apud
794 2014 1002 2070 Germanorum
1019 2030 1108 2067 mores
1122 2009 1205 2066 intul-

660 2090 786 2169 ligendos
808 2094 1036 2172 praestantissima
1057 2090 1203 2149 docebunt

660 2170 733 2247 leges
758 2175 972 2252 Ripuariorum,
994 2192 1064 2249 quas
1089 2170 1153 2227 ride
1173 2170 1203 2227 in

661 2265 719 2309 not.
730 2264 758 2311 et
772 2258 881 2313 emend.
896 2256 932 2311 nd
944 2272 1008 2331 cap.
1021 2259 1067 2311 12.
1089 2250 1202 2308 Solirlus

660 2343 756 2390 autem
776 2337 933 2395 Saronicus
952 2335 1075 2391 duorum
1096 2332 1204 2389 tremis-

661 2414 735 2470 sium
750 2415 862 2476 valebat
876 2416 990 2475 circiter
1004 2414 1092 2490 Angl.
1104 2416 1146 2478 7³·
1155 2408 1203 2471 bd.

662 2495 778 2554 Solidus
797 2500 883 2556 trium
904 2497 1073 2554 tremissium
1092 2493 1204 2551 valebat

662 2575 776 2634 circitor
788 2579 876 2656 Angl.
895 2584 954 2636 lla.

701 2652 717 2688 ⁴
736 2657 810 2716 Pars
824 2659 926 2716 rnttlta.
950 2654 1047 2714 Multa
1069 2654 1120 2712 illa
1142 2673 1204 2732 pas·

661 2737 713 2796 sim
728 2733 755 2796 in
771 2739 831 2816 lege
847 2735 944 2798 Salicd
965 2735 1128 2814 appellatur
1137 2735 1205 2813 sra-

662 2821 736 2888 dum,
747 2820 776 2875 id
787 2831 837 2890 est,
849 2839 913 2898 par,
925 2817 1080 2876 solveretur
1091 2816 1147 2892 regi
1160 2815 1213 2890 velt

663 2901 783 2964 civitati,
798 2901 877 2978 quasi
899 2900 1042 2958 tutoribus
1057 2895 1205 2954 firmatori-

664 2982 772 3057 busqua
793 2983 871 3058 pacis
893 2999 927 3038 ac
950 2979 1110 3036 securitatis
1131 2978 1205 3053 pub-

663 3061 737 3119 licae.
780 3061 846 3120 Hac
861 3063 895 3118 da
908 3081 936 3118 ra
948 3059 1057 3136 egregia
1073 3059 1204 3114 disseruit

662 3141 708 3200 Cl.
735 3142 770 3199 de
793 3141 1004 3218 Montesquieu,
1031 3139 1131 3215 Esprit
1157 3140 1204 3196 des

662 3221 744 3294 Laia,
756 3241 839 3281 xxx.
850 3230 898 3283 20.
921 3225 960 3280 At
972 3222 1045 3278 idem
1055 3219 1101 3278 Cl.
1111 3219 1206 3296 Scrip-

662 3312 715 3372 tor,
749 3304 806 3362 loc.
833 3306 882 3362 cit.
906 3322 970 3380 cap.
1001 3309 1046 3369 19.
1071 3300 1206 3375 opinatur

662 3383 818 3442 Germanos
845 3385 940 3442 adhuc
968 3383 1051 3438 luisse
1072 3381 1101 3435 iu
1128 3391 1203 3438 statu

661 3476 771 3521 natura!
793 3475 919 3544 tempora
943 3463 1044 3519 Taciti.
1078 3461 1134 3518 Cui
1158 3461 1204 3518 rix

661 3547 805 3603 assentiar.
856 3545 914 3606 Ubi
940 3543 1014 3601 cuim
1043 3561 1127 3618 reges,
1155 3544 1204 3600 ubi

662 3627 799 3696 civitates,
826 3626 875 3684 ubi
903 3624 1063 3696 freda‚'seu
1097 3623 1206 3692 multat,

661 3725 726 3782 quae
740 3707 806 3782 regi,
828 3706 869 3764 vel
894 3706 1014 3775 ciuitati,
1035 3704 1085 3763 ubi
1101 3703 1205 3760 Widri-

661 3787 748 3862 gilda,
761 3787 789 3843 id
805 3798 855 3858 est,
875 3797 959 3846 certa
979 3783 1205 3864 compositiones,

662 3887 726 3942 quae
749 3868 800 3944 ipsi
817 3869 865 3946 qui
887 3869 1056 3932 vindicatur,
1078 3865 1120 3922 vel
1142 3886 1206 3944 pro·

661 3947 777 4026 pinquis
790 3949 851 4024 ejus
864 3949 1058 4012 exsolvantur,
1071 3947 1109 4003 ibi
1125 3947 1206 4003 desiit

662 4040 751 4086 status
772 4042 891 4098 natura,
911 4029 949 4085 ibi
968 4029 1150 4085 dominantur
1167 4027 1206 4084 le-

661 4129 717 4184 ges,
731 4110 769 4166 ibi
785 4111 878 4186 vigent
894 4109 987 4186 legum
1002 4110 1133 4185 imperia.

701 4186 711 4220 ⁵
736 4191 775 4248 Et
798 4191 948 4266 principes.
984 4191 1087 4248 Paucrs
1114 4189 1206 4266 expli·

663 4271 764 4326 canda
791 4270 884 4328 civilis
908 4271 1117 4328 Germanorum
1140 4273 1204 4324 siao-

662 4349 745 4424 νομία.
790 4351 880 4408 Erant
912 4351 994 4409 divisi
1028 4352 1056 4407 in
1079 4351 1205 4428 populos.

663 4432 723 4487 Alii
746 4434 947 4508 regnabantur,
967 4433 1004 4489 ibi
1020 4451 1117 4509 reges:
1140 4429 1204 4487 aliia

662 4509 775 4590 placuit
788 4514 898 4584 civitas,
912 4531 976 4592 quar
994 4514 1086 4590 prinu
1100 4521 1139 4594 opt
1153 4509 1206 4567 rei-
