2859 4950
23 324 105 384 J.c.
123 329 184 387 aa.
391 320 501 382 inim
523 280 630 381 udur
651 321 892 383 uuunnuu.
1161 332 1220 399 ³7⁵

25 478 354 578 Satyrorumque¹
370 477 532 578 vestigia:
551 479 613 552 sed
628 477 798 579 comperit
813 476 898 550 imas
914 476 1040 552 montis
1057 482 1219 576 radices,¹

27 596 156 670 densis
174 595 333 693 altisque
349 596 496 693 repletas
521 595 638 693 sylvis,
661 594 860 694 incognito³
886 618 1013 693 genere
1040 598 1216 689 arborum,

29 712 265 809 proceritate
280 712 469 809 spectabili,
495 714 598 785 enodi
614 713 754 801 nitore,4
777 709 903 784 fronde
920 712 1088 809 cupressis
1105 714 1218 808 simili,

31 828 134 931 gravi
161 830 314 916 odore,⁵
339 846 375 901 et
396 828 490 901 tenui
517 827 668 901 obducti
692 829 868 926 lanugine,
893 827 1008 901 sericis
1035 829 1219 907 velleribus

31 944 151 1017 nihilb
171 944 307 1016 viliore
319 938 356 1017 :⁶
379 944 543 1017 verticem
566 944 641 1015 altis
664 944 766 1016 etiam
784 960 899 1017 aestate
917 942 1043 1041 operiri
1059 945 1215 1020 nivibus:

34 1060 205 1133 decumis
241 1060 288 1133 ed
313 1078 515 1156 pervenerat
544 1061 660 1133 castris
673 1066 707 1133 :⁷
746 1060 837 1133 ultra
866 1060 908 1133 ad
939 1058 1083 1133 fluvium
1112 1059 1213 1137 Ger⁸

37 1310 72 1366 de
86 1310 148 1367 hac
166 1308 357 1385 insanidjam
373 1312 502 1369 diximus
514 1311 613 1367 innot.
662 1320 743 1368 tanto
776 1318 865 1367 esseut
891 1313 921 1367 in
948 1308 1049 1387 pretio.
1093 1310 1214 1383 Plinius,

37 1405 65 1448 et
85 1392 215 1449 emend.
237 1391 277 1447 ad
294 1392 400 1448 Annal.
424 1409 474 1449 111.
496 1397 545 1449 52.
564 1393 612 1449 ubi
665 1409 740 1449 x111.
771 1398 818 1448 15.
860 1378 945 1449 dtlas
972 1411 1048 1448 mons
1077 1392 1215 1469 peculiari

41 1472 135 1529 niulta
159 1474 201 1529 ‹le
227 1472 428 1530 Romanorum
450 1470 524 1529 luxu
546 1492 614 1531 con·
661 1474 795 1549 proditur
808 1460 889 1549 cy'lcd
902 1512 910 1527 .
924 1512 948 1530 ..
963 1474 1081 1547 conduci·
1095 1472 1120 1529 ci
1132 1473 1217 1531 illuu-

41 1555 198 1628 gessimus.
643 1552 692 1611 'ri
714 1554 811 1630 quidus
838 1552 959 1629 plurimu
982 1553 1066 1609 ardor
1088 1553 1215 1621 citri,=ct

663 1654 818 1692 mensarum
832 1634 950 1702 insania,
966 1633 1162 1711 quosjicmiure
1174 1634 1215 1693 ui·

80 1710 360 1790 'satyrorumque
401 1714 522 1785 Plinius,
538 1734 567 1771 v.
586 1725 613 1775 1.
664 1712 1161 1792 riscontraruargnritasregrraut.
1201 1756 1204 1761 -

44 1794 173 1853 Eundem
190 1795 348 1852 Atlantem
371 1796 496 1855 noctibus
509 1796 613 1854 micare
703 1793 719 1827 ⁴
740 1794 833 1852 Enodi
854 1796 956 1852 uitare.
999 1794 1075 1851 Cdm
1094 1794 1123 1851 in
1139 1792 1214 1851 luxu

44 1875 152 1932 crebris
181 1876 313 1953 ignibus,
336 1874 505 1952 AEgipanurn
528 1874 613 1955 Saty·
664 1876 828 1933 unavuleut
845 1875 954 1939 raritas,
977 1876 1054 1951 apud
1070 1874 1226 1933 Romanos·

45 1975 201 2032 rerumque
217 1954 340 2016 lascirid
352 1955 471 2032 irupleri,
481 1957 612 2017 tibiarum
661 1958 764 2015 eviluit
776 1956 872 2015 enodis
887 1956 935 2013 ille
949 1958 1043 2015 trunci
1055 1950 1142 2027 iliter,
1165 1954 1213 2013 scd

46 2054 76 2092 oc
91 2037 215 2113 fistula
240 2044 337 2106 cauta,
363 2044 608 2115 tympanorumque
663 2038 825 2115 ingentibus
846 2038 942 2114 pretiis
960 2038 1128 2093 emebantur
1148 2054 1216 2093 con·

47 2125 72 2171 rt
92 2118 296 2195 cymbalorum
315 2118 410 2175 souitu
428 2128 553 2195 strepere
570 2140 612 2177 ce·
661 2130 743 2177 tortae
758 2120 877 2177 radices.
908 2118 939 2175 ld
955 2126 1076 2175 testatur
1091 2116 1213 2187 Plinius,

48 2196 149 2277 librati
163 2208 303 2257 auctores
313 2198 474 2275 prodidere.
502 2200 610 2257 Eadem
663 2218 739 2257 xus.
757 2204 803 2258 15.
847 2198 939 2257 Tuder
961 2196 1011 2255 doc
1035 2205 1077 2255 est
1100 2198 1215 2268 radicis,

48 2277 134 2337 terme
157 2279 242 2355 legas
266 2281 295 2337 in
318 2279 434 2355 Periplo
453 2272 610 2338 Hannonis.
660 2281 828 2356 marirndque
840 2278 994 2347 laudatum,
1008 2278 1083 2354 quod
1093 2280 1143 2336 rud
1157 2286 1215 2337 ter·

49 2357 221 2437 Geograplri
234 2368 355 2430 veteres,
365 2360 422 2418 rol.
437 2378 459 2417 1.
469 2368 568 2438 p.4et
580 2368 609 2421 5.
660 2360 696 2417 rd
720 2368 809 2419 toturn
825 2358 942 2437 fucrit:
966 2366 994 2414 ct
1015 2357 1109 2415 rarius
1132 2359 1215 2435 qudm

49 2437 117 2498 lndo
151 2454 222 2500 orta
261 2441 369 2512 fabula,
397 2440 477 2518 qudd
511 2443 609 2518 pauci,
660 2461 721 2519 aare
751 2439 878 2517 superne,
913 2457 1024 2516 queque
1053 2438 1215 2515 gignuntur

50 2521 98 2592 qui
112 2523 186 2580 istas
199 2524 333 2599 regiones
353 2522 497 2595 incolunt,
518 2524 611 2582 homi·
660 2522 744 2580 etiam
758 2523 787 2580 in
801 2521 896 2591 raucio,
915 2517 1030 2597 proprii
1045 2519 1118 2594 quod
1139 2519 1215 2576 tanti

51 2616 95 2656 nes
108 2603 161 2660 diu
175 2616 299 2681 propter
319 2604 508 2662 immodicum
528 2604 608 2662 calo·
658 2604 771 2672 emitur,
792 2603 923 2660 arborum
952 2599 1052 2660 uitium
1074 2607 1126 2668 cst,
1148 2617 1215 2675 qua·

51 2697 106 2740 rem
122 2683 249 2756 lateant,
269 2695 357 2743 noctu
371 2685 408 2742 ad
423 2704 466 2742 res
486 2685 608 2761 agendas
659 2703 721 2741 rurn
735 2683 873 2762 amplitud
903 2701 935 2740 oc
952 2679 1061 2738 radices
1078 2679 1214 2737 estimari

53 2778 117 2819 cum
132 2764 254 2822 facibus
274 2767 447 2824 discurrunt.
488 2765 606 2827 Praeter·
657 2774 775 2840 pareunt
793 2784 826 2822 ea
846 2701 968 2820 ordibus.
1010 2759 1149 2818 Eamdem
1173 2761 1215 2818 iu·

54 2841 138 2914 quim
161 2846 247 2921 qudd
263 2846 295 2915 in
306 2845 351 2904 his
364 2847 421 2904 oris
438 2846 513 2923 ignei
532 2846 608 2907 hali·
663 2845 771 2902 naniam
795 2844 889 2921 arguit
913 2841 1031 2910 Senecu
1053 2841 1087 2896 de
1107 2839 1216 2898 Benefi-

53 2935 95 2980 tus
122 2925 290 3002 frequentes
310 2947 368 2984 esse
388 2937 518 3004 potuere.
559 2927 605 2984 De
664 2926 730 2997 ciis,
747 2943 807 2983 vn.
827 2931 856 2994 9.
902 2923 989 2982 Video
1008 2921 1074 2978 istic
1099 2941 1215 2994 metuas,

54 3007 232 3065 monstrifica
248 3008 423 3086 AEgipanum
448 3021 477 3066 et
490 3007 606 3086 Satyro-
663 3013 690 3063 et
705 3007 869 3064 estimatum
884 3003 1137 3080 lignumsenutorio
1151 3021 1214 3060 cen·
1295 3051 1297 3058 ,

55 3099 115 3140 rum
128 3085 227 3145 formis
242 3088 307 3146 ride
322 3087 443 3160 Melam,
464 3105 487 3146 1.
499 3095 520 3146 4
532 3100 561 3144 et
576 3093 604 3148 8.
663 3107 706 3155 ou,
737 3087 825 3167 Angl.
851 3084 979 3158 10,000t.
1000 3082 1030 3139 ed
1051 3081 1214 3158 pretiosius,

56 3160 191 3237 Plinium,
215 3187 248 3226 v.
263 3175 291 3226 8.
664 3167 717 3245 qud
736 3167 808 3226 illud
827 3166 855 3226 in
868 3167 966 3242 plures
986 3163 1083 3234 nodos,
1103 3162 1216 3221 ardoris

90 3239 103 3266 ²
116 3243 194 3306 Ionos
208 3250 446 3310 monhoradices.
475 3249 605 3310 Africum
664 3247 818 3327 infelicitas
831 3247 924 3306 torsit.
1272 3315 1281 3328 ,

57 3325 158 3397 venus,
196 3347 258 3387 non
291 3331 358 3388 verd
390 3331 487 3389 versus
518 3349 607 3390 mare.
705 3326 716 3361 ⁵
740 3329 833 3388 Grani
846 3329 939 3388 odore.
980 3323 1056 3382 Plin.
1068 3319 1138 3379 ibid.
1159 3319 1216 3380 Cu·

60 3399 138 3464 Unde
153 3409 276 3481 Plinius,
291 3429 321 3468 v.
338 3421 364 3469 l.
386 3411 522 3472 Emediic
535 3411 607 3470 lunc
663 3409 887 3487 prescofoeminn
895 3404 1030 3484 sylvestri
1036 3411 1102 3462 runt
1112 3401 1215 3462 similes

60 3484 203 3548 Atlantem
230 3492 324 3550 arenis
346 3493 375 3548 iu
394 3493 490 3552 ooelunr
512 3491 608 3552 attolli
654 3490 745 3570 folio,
766 3491 859 3558 odore,
881 3485 1004 3548 caudice.

58 3569 252 3642 prodiderunt,
264 3584 401 3648 asperum
413 3573 606 3649 squallentem,
706 3564 841 3628 ὃΝἱήἱίὸ
861 3569 970 3634 viliore.
1011 3565 1101 3624 Solia.
1119 3581 1216 3623 xxiv.
1320 3567 1325 3581 '

60 3649 110 3718 tud
130 3669 236 3730 vergat
255 3655 293 3711 ad
313 3655 414 3711 littora
428 3653 542 3724 Oceani,
562 3652 608 3712 cui
666 3651 777 3710 Plinius
796 3669 921 3726 quoquo,
944 3666 973 3704 v.
989 3657 1014 3706 l.
1059 3647 1148 3704 Tenui
1170 3665 1215 3704 eos

62 3742 204 3801 wgnornen
226 3735 376 3811 imposuit:
409 3736 522 3794 eundern
542 3753 610 3810 opa-
662 3729 760 3806 obduci
773 3729 923 3810 lanugine:
944 3729 1040 3806 quidus
1054 3725 1154 3785 additd
1168 3747 1216 3784 ar·

63 3821 126 3893 (Ψ,
155 3832 400 3892 nemorosumque,
418 3823 446 3872 et
472 3815 608 3874 scatebris
664 3821 701 3884 te,
720 3829 809 3888 porse,
831 3810 952 3890 qualesd
969 3810 1105 3885 dorndpce,
1125 3813 1216 3868 vertet

57 3887 175 3954 dantium
188 3895 311 3972 riguum,
331 3897 386 3972 oud
400 3903 509 3973 spectat
523 3893 607 3972 Afri·
665 3893 774 3959 confici.
1064 3937 1065 3940 ,

64 3983 127 4038 ΨΜ,
150 3971 300 4048 fructibus
324 3976 443 4036 omniurn
474 3994 607 4054 generum
705 3955 718 4004 ⁷
743 3969 862 4032 Castris.
904 3971 977 4030 Plin.
990 3969 1062 4028 ibid.
1092 3959 1216 4026 Decimi

65 4050 154 4115 sponte
175 4054 218 4112 ita
237 4059 472 4121 subnascentibus,
493 4066 527 4114 ut
539 4076 608 4116 nun·
666 4063 825 4114 castrorum
840 4055 1001 4112 metatione.

68 4136 269 4196 transaricus
282 4139 474 4215 voluptatibus
487 4137 569 4196 derit.
705 4131 870 4194 ⁸Fluvium
884 4133 955 4191 Ger.
998 4130 1132 4189 Fluvium
1159 4148 1218 4187 me·

86 4200 113 4290 ι’
134 4209 294 4292 Incognita.
335 4220 390 4278 llae
407 4229 475 4276 sunt
495 4218 609 4276 arbores
667 4216 869 4280 diterranenm,
882 4215 932 4291 qui
947 4213 1105 4272 Gaetuliam
1121 4209 1217 4280 alluit,

70 4287 126 4343 c'tri
143 4294 303 4372 Atlantica,
324 4298 344 4356 b
365 4302 439 4360 cino
461 4319 511 4358 seu
533 4296 610 4356 malo
667 4296 780 4355 dictum
809 4295 974 4366 Ptolemaeo,
995 4309 1040 4353 rr.
1069 4287 1100 4348 ti.
1141 4291 1215 4368 Γιὶςς

71 4364 179 4444 Assyrii
192 4380 309 4439 omnind
322 4380 448 4450 diversae,
467 4397 541 4458 quas
553 4397 611 4436 nan
667 4396 748 4434 nunc
766 4375 891 4451 Acljfedee
913 4393 930 4430 a
953 4373 1101 4451 pellatum.
1144 4371 1218 4426 Soli-

71 4461 196 4514 nouerant
217 4458 347 4532 Romani,
360 4461 445 4520 licet
464 4461 545 4539 opud
564 4479 612 4519 eos
666 4477 722 4522 nus
734 4466 763 4516 et
776 4455 822 4515 Cl.
837 4454 871 4514 de
885 4394 970 4527 l’lsla,
986 4453 1102 4512 t'teau.
1117 4450 1219 4510 Histo-
