2859 4950
244 300 299 371 l92
541 297 564 342 ‹'
634 303 671 361 C.
690 299 892 359 CORNELII
909 299 1066 362 utctt't·
1109 350 1113 361 .
1140 311 1146 357 ⁴.

240 457 326 534 sitm
343 450 527 558 cogitandi,
553 453 629 529 tuin
653 453 825 550 serilamdi
845 481 884 528 ac
901 455 1038 535 dicendi
1055 456 1292 536 metamus
1304 457 1366 534 lor:

241 591 354 648 matur
378 592 412 646 et
437 572 623 670 perficitur.
675 572 765 643 Haec
787 573 874 644 dum
897 573 989 669 apud
1011 597 1077 650 nos
1093 574 1250 672 vigitate,-
1266 575 1365 652 floruit

240 691 341 764 simul
358 687 563 786 eloquentia.
615 686 688 758 Ubi
704 710 881 758 senescere
898 712 1050 783 crepere,
1064 689 1227 785 paulatim
1240 717 1364 788 quoque

237 805 433 902 eloquentia
471 802 663 900 relanguit,
706 801 965 898 adventitiisque
996 804 1086 879 vitiis
1115 807 1253 893 obruta,
1289 810 1364 904 jacet

236 921 448 1018 consepulta,
476 945 542 992 nec
569 941 749 1049 umquam,
773 918 924 1014 (utinam
948 943 1004 994 me
1029 943 1112 992 mea-
1113 917 1227 1002 fallat
1246 922 1365 1018 opirtio)

235 1053 403 1134 resurget.
443 1039 588 1108 Constat
603 1034 696 1106 enim
712 1050 851 1106 aetatum
868 1034 1063 1130 artiumque
1078 1037 1235 1115 oninium
1250 1039 1366 1136 experi-

235 1152 326 1225 eutii
343 1177 365 1224 a
345 1151 524 1224 modicis
540 1167 575 1222 et
592 1150 760 1222 rudibus
751 1148 852 1222 mitiis
868 1151 911 1222 ad
928 1175 1104 1226 stannum
1120 1151 1366 1250 perfectumque

235 1284 368 1340 evectas
400 1267 505 1340 fuisse
541 1268 649 1339 bonas
685 1266 867 1340 hominum
899 1283 1054 1340 mentes:
1095 1271 1140 1343 ab
1170 1268 1234 1342 illo
1267 1287 1366 1344 autem

233 1379 451 1480 perfectionis
475 1383 570 1479 apice
595 1381 623 1454 si
642 1382 747 1456 semel
770 1382 973 1470 exciderim,
997 1381 1230 1460 humanarum
1256 1384 1367 1460 virium

232 1498 436 1572 humanaeve
452 1497 551 1570 sortis
568 1523 647 1570 non
664 1525 751 1587 esse,
768 1501 862 1573 unde
878 1500 1143 1575 deseensumest
1159 1500 1305 1598 regredi

237 1787 244 1798 .
281 1731 340 1804 Ill.
366 1731 569 1817 Mesenae,
601 1731 687 1806 ciun
719 1731 796 1804 haec
829 1729 898 1803 acri
930 1730 1117 1804 intentione
1148 1732 1301 1820 dixisset,
1331 1734 1368 1806 ad

231 1845 432 1918 Maternum
457 1861 492 1918 et
515 1846 716 1920 Secundum
750 1849 960 1933 conversus,¹
990 1863 1144 1921 vestrum
1167 1865 1235 1937 eat,
1258 1848 1367 1945 inquit,

231 1959 367 2034 altiores
392 1961 466 2034 illas
492 1987 609 2037 rerum
626 1961 731 2048 vices,
757 1977 816 2034 aut
840 1961 953 2057 siqua
973 1962 1038 2034 alia
1059 1981 1111 2036 est
1127 1987 1230 2039 causa
1249 1991 1312 2039 cur
1331 1967 1368 2036 ab

231 2075 428 2178 eloquentie
453 2077 708 2166 deflexerimus,
733 2078 903 2150 evolvere.
968 2076 1048 2150 Tihi
1076 2079 1184 2170 enim,
1209 2082 1369 2167 Materne,

216 2217 297 2290 ·pro
314 2193 448 2289 poetico
466 2212 526 2265 tuo
540 2196 631 2292 jure,
644 2193 773 2265 credita
789 2192 911 2264 Derim
933 2217 1065 2265 arcana.
1117 2196 1184 2282 Te,
1210 2197 1371 2282 Secunde,

229 2307 398 2406 quidquid
428 2309 463 2380 in
492 2307 570 2382 foro
603 2309 821 2381 reconditum
855 2311 1005 2383 docuere
1037 2310 1142 2408 longa
1174 2311 1372 2408 experientia

229 2425 420 2525 ingensque
436 2426 556 2525 gloria.
583 2427 677 2499 Turn
694 2425 875 2500 subridens
892 2429 1098 2515 trames,
1120 2424 1142 2498 a
1159 2443 1207 2515 te,
1221 2428 1370 2516 Messala,

228 2539 414 2638 impositas,
440 2542 576 2614 {anobis
592 2560 764 2639 susceptas
787 2558 899 2638 partes
916 2567 1159 2639 exsequemur.
1211 2549 1274 2632 At,
1299 2542 1371 2617 licit

229 2681 288 2747 me
299 2658 421 2729 Dedan
432 2656 654 2753 interpretem
672 2658 812 2746 dixeris,
825 2660 918 2755 prior
928 2676 1043 2731 tamen
1052 2660 1235 2733 Secundus
1242 2678 1372 2733 sentens

228 2772 311 2844 tiam
327 2797 425 2844 suam
441 2773 578 2869 aperiat.
629 2774 670 2845 In
686 2773 739 2846 his
751 2774 857 2861 erunt,
870 2800 955 2872 quas
972 2792 1171 2862 tractamus,
1184 2775 1372 2872 quaestioui·

228 2890 295 2959 bus
324 2888 548 3019 explicandis,
575 2889 654 2985 plus
681 2890 771 2963 valet
800 2917 882 2964 usus
909 2908 943 2962 et
969 2885 1159 2981 meditatis,
1187 2917 1297 2988 quarn
1320 2890 1369 2965 rel

228 3000 363 3115 divinus
380 3004 562 3077 numinum
578 3004 723 3079 afflatae.

229 3280 235 3289 ·
280 3239 340 3308 lV.
369 3239 598 3326 OsssQunn,
620 3237 730 3335 inquit
746 3242 948 3314 Secundus.-
973 3240 1078 3337 idque
1100 3256 1195 3313 tanto
1218 3242 1372 3315 libentius

230 3353 433 3447 praestitero,
451 3355 547 3453 quiid
565 3356 724 3429 Messalae
741 3356 941 3429 sententiam
963 3356 1081 3453 potins
1103 3381 1181 3427 sum
1198 3360 1370 3430 confirma-

229 3485 343 3555 turus,
365 3469 471 3563 quim
497 3495 622 3541 novam
648 3495 831 3567 meamque
854 3471 1067 3546 inducturus.
1120 3475 1267 3569 Semper
1288 3474 1369 3547 eninr

230 3581 432 3672 existimavi,
450 3600 488 3655 ut
505 3584 650 3681 pictores
668 3585 688 3657 i
706 3586 905 3681 pictoribus,
921 3604 1039 3683 poetas
1055 3586 1077 3657 a
1102 3586 1223 3683 poena,
1241 3588 1288 3659 sic
1304 3613 1369 3658 ora·

229 3716 321 3771 tores
338 3701 380 3771 ab
399 3699 589 3771 oratoribus
612 3726 685 3773 esse
702 3700 949 3790 instituendos3
977 3700 1200 3796 multumque
1217 3702 1288 3775 vitii
1304 3727 1367 3775 esse

226 3813 262 3885 in
278 3814 403 3887 scholis
415 3815 623 3903 rhetorum:
636 3816 695 3913 qui
712 3843 748 3889 se
760 3818 920 3889 doctores
933 3816 1140 3913 eloquentiae
1157 3818 1366 3912 profitentur,

270 4092 281 4120 ¹
304 4096 345 4153 At
376 4096 537 4155 Μιιιιίιιιιιιι
567 4108 593 4155 ct
623 4099 777 4158 Secundum
831 4104 860 4158 li
860 4110 914 4157 rot
924 4100 1035 4168 diriter
1046 4099 1132 4175 primi
1143 4100 1368 4187 eradetnequurn·

228 4196 338 4239 eottttr.
332 4198 384 4233 uta
427 4178 459 4235 ltl
491 4180 617 4253 postulat
649 4200 778 4257 supertot
830 4182 897 4237 tram
909 4179 1083 4257 perdiderim
1118 4178 1237 4236 letibus
1250 4198 1316 4235 tarta
1330 4182 1368 4229 ot

230 4257 333 4361 dialogi
351 4276 424 4335 pars.
828 4282 879 4339 que
896 4258 1108 4319 interessetis
1121 4259 1240 4317 ludibria
1255 4258 1366 4332 quedam

269 4304 347 4395 ²ln
380 4337 480 4395 .ltcltois
513 4340 608 4398 rhetor
595 4360 663 4398 ν.ιιιιι
707 4340 776 4397 lntlt
827 4350 898 4399 ercet
881 4342 972 4398 'tando
995 4340 1136 4413 effecistis,
1157 4348 1366 4413 etcorpatoro·

227 4418 384 4490 Petronius,
409 4418 465 4478 loc
493 4420 541 4483 cit
566 4422 657 4527 'Pate
682 4421 776 4481 afferrat
828 4422 913 4480 tionis
953 4428 1135 4481 enervaretur
1168 4426 1194 4478 ct
1223 4419 1364 4477 caderet-
