2859 4950
59 339 127 398 LC.
140 341 217 394 450
359 334 468 393 LIBlll
491 333 643 393 DECIMI
665 332 905 397 ANNALIUM.
1145 349 1206 413 419

57 490 134 565 ritus
149 514 194 564 ne
209 488 301 563 diem
317 500 422 565 nium
437 491 605 563 natalem¹
632 492 679 563 ob
706 488 860 565 futuram
877 490 1031 590 eclipsim
1057 494 1204 596 inauspi-

55 623 163 679 catum
187 605 328 679 haberet
350 606 517 703 populus,
541 606 776 679 denuntiavit²
803 608 1008 683 “Calendis
1036 613 1206 711 Augustis

57 722 208 795 “Solem
225 746 271 796 ex
287 723 500 820 quadrante³
518 720 761 815 defecturum
789 723 895 821 idque
911 748 983 797 non
1000 724 1051 798 iri
1064 727 1202 819 Delum,

56 838 147 910 “scd
173 836 266 913 statis
289 854 424 913 naturae
449 839 584 938 legibus
611 839 834 940 contingere:
862 841 981 925 Solem
1008 840 1202 917 interventu

54 968 77 1003 “
91 964 201 1036 Lunae
212 964 376 1037 occultari
387 982 406 1037 τ’
425 965 552 1061 pariter
568 966 706 1037 Lunam
723 964 877 1039 hebetari
901 965 1028 1039 innuis
1044 967 1204 1067 deliquiis

57 1084 186 1153 “terrae
212 1080 372 1179 objectu:
415 1098 559 1178 propter
590 1079 799 1179 multivagos
832 1083 943 1154 Lunae
973 1080 1114 1171 flexus:
1139 1083 1206 1157 hos¹

54 1195 225 1291 “quidem
254 1196 434 1296 utriusque
462 1198 581 1271 sideris
611 1195 769 1270 defectus
795 1221 867 1269 non
895 1222 968 1271 esse
993 1214 1203 1290 menstruos,

51 1318 200 1385 “certos
226 1329 344 1386 tamen
375 1313 532 1387 ducentis
556 1314 677 1414 viginti
705 1314 815 1387 tribus
832 1314 1032 1387 mensibus⁵
1056 1311 1093 1387 in
1121 1338 1204 1389 suos

52 1429 188 1501 “orbes
220 1429 348 1502 redire.
397 1431 472 1502 Hae
504 1446 636 1504 naturae
669 1430 764 1529 leges
798 1425 958 1503 Graecis⁶
995 1428 1205 1528 jamdudum

53 1550 75 1584 “
90 1544 331 1640 deprehensas,
347 1546 441 1643 apud
464 1548 644 1620 Romanos
661 1544 803 1644 Sulpicii
830 1546 949 1619 Galli⁷
975 1544 1115 1619 scientii
1139 1570 1203 1619 no·

55 1665 76 1701 ‘⁴
92 1659 246 1749 bilitatas,
261 1665 315 1733 'eo
340 1662 453 1734 edicto
482 1660 662 1759 publicari,
700 1680 740 1735 ut
772 1662 809 1735 in
838 1661 906 1735 hic
932 1661 1066 1759 imperii
1093 1660 1204 1735 litera-

54 1780 238 1874 “rumque
265 1776 343 1850 luce
361 1776 525 1875 quisque,
542 1796 638 1850 metu
654 1778 803 1867 solutus,
828 1802 909 1851 vera
926 1777 971 1849 de
987 1776 1111 1849 naturi
1128 1802 1204 1850 sen-

54 1905 75 1940 “
91 1899 159 1989 tint,
183 1926 250 1974 nec
266 1919 422 1975 monstra
449 1884 691 1999 expavescat.”
743 1900 821 1974 Tali
856 1901 998 1999 quidem
1015 1900 1128 1975 edicto
1145 1899 1204 1981 ,in-

54 2022 166 2099 claruit
182 2025 337 2101 sideralis
353 2024 527 2102 scientia?
553 2043 587 2101 at
600 2026 638 2100 in
652 2027 750 2127 vulgi
768 2025 889 2101 animis
918 2051 1056 2125 semper
1079 2014 1203 2103 insedit

90 2368 205 2431 'Suum
237 2374 369 2433 natalem.
420 2374 538 2434 Sueton.
566 2374 612 2432 in¹
658 2375 779 2444 fallitur,
801 2372 846 2431 vel
874 2372 978 2431 fallunt
1002 2374 1064 2448 ejus
1083 2370 1204 2429 librarii.

57 2450 152 2508 Claurl.
174 2473 212 2514 rr.
256 2452 391 2514 Claudius
424 2464 508 2514 nulus
542 2465 593 2522 eil,
659 2458 727 2516 Non
754 2464 820 2534 post
847 2455 985 2513 ducentos
1010 2453 1107 2528 viginti
1135 2452 1206 2509 duos

54 2529 126 2590 „lulio
160 2535 298 2599 Antonio,
334 2535 421 2594 Fabio
456 2537 596 2612 Africano
658 2557 776 2602 menses,
796 2537 843 2595 sed
863 2548 926 2614 post
946 2536 1084 2593 ducentos
1108 2531 1206 2610 uiginti

54 2616 211 2685 consulibus,
234 2617 321 2674 usti.
331 2618 366 2674 C.
381 2624 450 2685 744.
464 2622 502 2674 A.
516 2622 550 2675 C.
565 2625 596 2686 9.
658 2633 713 2677 tres
726 2637 832 2676 menses
847 2619 980 2681 Lunares,
1004 2615 1052 2674 Sol
1066 2615 1207 2690 Lunaque

54 2693 170 2755 Kalend.
201 2697 353 2774 Augustis,
388 2697 531 2774 Lugduni,
564 2719 596 2756 co
658 2713 686 2757 et
700 2700 768 2757 nodi
781 2699 882 2756 orbita*
897 2696 1020 2755 Lunaris
1033 2697 1061 2754 in
1073 2696 1205 2752 eumdem

52 2773 105 2846 ipio
124 2778 177 2847 die,
198 2798 252 2856 quo
272 2778 393 2854 primrlm
413 2799 464 2836 ura
486 2778 524 2834 iii
537 2778 597 2836 Au·
658 2783 783 2858 positum
798 2790 960 2836 recurrunt.
1001 2779 1049 2837 Sic
1064 2779 1093 2835 in
1107 2777 1206 2834 iisdem

53 2865 128 2925 guerlo
151 2860 283 2917 ‹leriicutu
305 2869 358 2917 cst.
401 2860 434 2916 In
455 2858 597 2916 veteribus
658 2861 783 2937 partium
798 2860 944 2936 scrupulis
952 2869 1125 2935 congruente
1138 2857 1209 2916 utri·

55 2933 230 2996 liniendan'is
252 2939 308 2998 hoc
325 2941 371 2997 (lie
389 2952 507 3000 uotatur
524 2940 598 2996 NA·
660 2961 750 3020 usquc
775 2940 874 2998 sideris
901 2951 991 3008 motu,
1024 2939 1151 2997 deiectus
1178 2938 1207 2994 in

53 3011 144 3075 'l'uL.
173 3020 231 3076 Ti.
259 3020 456 3080 clmvlrll
492 3020 599 3078 GEll-
658 3041 723 3079 suos
750 3024 831 3080 orbes
854 3021 982 3078 redeunt.
1024 3021 1112 3089 Quod
1138 3019 1212 3076 unti-

56 3095 232 3158 murel.
658 3103 758 3178 (irritus
787 3101 932 3160 Chaldaeis
960 3102 1055 3158 lucrat
1080 3117 1210 3178 comper-

88 3173 101 3199 ²
131 3179 336 3238 Deuuutiuiit.
378 3180 446 3250 Dio,
481 3200 536 3239 nx.
569 3201 599 3258 p.
661 3181 756 3240 uun-⁸

52 3251 117 3316 liSQ.
700 3258 856 3321 ‘'Gruccir.
900 3261 965 3320 Hele
995 3261 1081 3318 laude
1106 3259 1211 3318 'sirales

90 3333 100 3366 ³
136 3339 181 3397 Ec
214 3343 380 3416 quadrante.
445 3341 511 3400 run
545 3341 598 3398 illu
660 3343 891 3421 etllippnrehuu
906 3343 1025 3418 insigues
1039 3343 1117 3399 suere
1130 3341 1210 3418 apud

53 3418 160 3496 «urpsu
191 3421 279 3480 trium
315 3424 497 3498 iturorum„
523 3423 597 3480 rue
619 3396 623 3472 l
661 3427 791 3484 uuicos.
814 3424 1041 3490 vrurunnn,
1063 3441 1100 3480 11.
1119 3429 1166 3482 ιε.

55 3497 210 3573 Pet-urium,
232 3503 265 3561 tle
278 3503 421 3562 Doctrirul
435 3514 597 3581 temporum,
701 3499 714 3536 ⁷
735 3504 855 3582 Sulpicii
870 3505 959 3562 Galli.
995 3511 1032 3562 Α.
1044 3505 1080 3562 U.
1091 3505 1126 3560 C.
1141 3499 1212 3576 506.

56 3597 96 3636 xi.
107 3589 136 3649 9.
661 3588 698 3643 Α.
712 3586 747 3643 C.
779 3583 845 3653 167.
865 3587 900 3644 C.
924 3585 1072 3664 Sulpicius
1098 3585 1213 3656 Gallus,

89 3656 327 3738 ⁴Lurueflerur.
368 3665 460 3722 Addit
475 3666 594 3734 Plinius,
661 3667 796 3725 tribunus
830 3667 966 3736 militum,
998 3666 1090 3744 pridie.
1123 3666 1211 3742 quim

54 3755 87 3797 n.
103 3751 147 3799 10.
160 3751 278 3820 propter
296 3745 487 3820 obliquitatem
500 3746 596 3824 Sigei·
663 3748 781 3805 Perseus
796 3769 843 3805 rex
858 3761 1010 3825 superatus
1026 3746 1149 3804 irl'aulo
1165 3747 1214 3804 AE-

46 3820 114 3894 liri,
130 3824 263 3901 Anglici,
283 3827 329 3883 tie
342 3826 456 3895 Zudiuc,
469 3839 498 3883 et
510 3839 596 3884 errat.
663 3827 745 3884 milio
768 3841 819 3897 cst,
841 3831 870 3886 iu
894 3828 1060 3886 concionem
1074 3829 1111 3884 ab
1126 3829 1217 3904 impe-

55 3901 81 3956 Si
97 3905 228 3962 menstrui
241 3923 297 3963 non
310 3920 377 3963 surrt
390 3906 540 3982 utriusque
558 3907 596 3964 si·
663 3921 757 3966 rmore
780 3910 950 3986 productus,
972 3909 1108 3986 praetlixit
1132 3919 1215 3965 nocte

55 3981 122 4040 deris
133 3985 270 4050 delectur,
284 3986 313 4043 id
327 3987 467 4062 contingit
482 4000 598 4065 propter
664 3989 798 4067 proximi
822 3992 858 4048 ab
881 3989 952 4048 hori
976 3989 1103 4047 secundi
1125 4008 1216 4074 usquc

55 4081 155 4122 errores
176 4067 277 4132 Lunae,
302 4086 367 4143 quae
392 4069 429 4123 ub
452 4068 598 4145 Eclipticti
665 4071 702 4127 ud
722 4083 856 4146 quartam
877 4070 976 4128 horum
997 4073 1089 4128 nectis
1105 4070 1215 4130 Lunam

56 4141 192 4215 ‹letlectir3
222 4167 279 4204 uon
299 4149 365 4206 verri
389 4160 506 4226 propter
526 4149 600 4206 obli·
666 4151 842 4209 deiecturum
864 4169 933 4208 csse·
976 4151 1163 4214 Siccaenum
1182 4169 1217 4207 ne

58 4225 190 4297 quitatem
207 4227 347 4304 Signiferi.
665 4231 718 4288 illa
737 4231 851 4310 eclipsis
866 4249 918 4308 pro
938 4245 1070 4308 portento
1085 4235 1122 4289 ab
1136 4251 1218 4289 cxcr·

70 4301 264 4367 ·⁵Duceutiu
283 4308 387 4388 uiginti
400 4309 491 4367 tribur
503 4309 603 4367 meriri-
667 4312 729 4369 citu
753 4313 885 4370 Burnum>
910 4313 1101 4390 acciperetur.
1142 4312 1217 4382 Prin„

58 4380 112 4441 luc.
152 4390 204 4446 Ait
218 4389 339 4460 Plinius,
360 4389 601 4460 innumeratis
669 4392 726 4450 loc.
740 4392 790 4450 cit.
805 4392 866 4449 Liv.
881 4409 973 4450 κων.
987 4397 1036 4458 37.
1103 4401 1107 4410 ’

58 4461 156 4542 viginti
178 4467 282 4529 (luobus
302 4471 448 4530 meuriiur.
491 4475 532 4528 At
556 4469 602 4528 uel
711 4467 877 4534 'Sideralir
891 4473 1018 4534 scicntia.
1061 4473 1131 4533 Huc
1146 4471 1219 4538 tortu
