2859 4950
125 369 133 383 x
246 342 307 405 AD
327 340 402 405 ΗΒ.
425 340 483 403 DE
504 336 693 403 Mortuus
714 336 1033 407 GERMANORUM.
1156 350 1238 422 ⁵49·

32 478 228 567 Mamilius
244 497 284 561 da
298 494 437 582 Peuplea
452 496 536 562 etde
550 492 680 577 Villea,”
694 494 769 560 Vol.
781 516 807 559 r.
819 520 852 582 p.
870 504 920 563 14.
936 492 1074 561 Helvetii
1089 518 1214 585 quoque

26 612 218 675 utebantur
240 607 335 675 literis
358 607 492 687 Gracia,
514 620 592 673 teate
615 606 705 674 Julio
728 606 863 687 Cesare,
891 604 973 673 Bell.
997 605 1083 672 Gall.
1110 628 1135 673 r.
1158 618 1213 684 29.

28 720 167 787 vicinia
192 731 232 786 et
252 717 447 787 commerciis
471 720 596 784 eaedem
617 713 722 784 literaa
745 742 892 805 accepere
916 716 1076 785 Germani.
1094 716 1213 786 Illustr.

28 832 161 899 Cornea
175 830 321 913 Manili,
331 829 446 917 aliique
455 829 603 896 nonnulla
612 844 815 897 monumenta
826 831 947 897 Graecia
958 829 1053 897 literis
1066 830 1213 921 inscripta
1264 870 1267 875 ·

27 943 62 1011 iu
78 943 272 1012 Germanii
286 954 476 1030 repererunt,
490 944 544 1008 aed
557 965 619 1007 uon
633 943 726 1031 hujus
740 941 938 1030 antiquitatis.

79 1055 296 1143 Corfimrore
324 1052 523 1143 argumentis.
576 1052 756 1119 Gronovius
777 1054 795 1119 ὲ
819 1052 897 1120 MS.
916 1056 1068 1123 Anmdel.
1098 1056 1215 1139 mallet,

29 1166 232 1255 adfirmare.
275 1166 371 1241 Quod
383 1188 446 1231 non
460 1166 573 1250 probat
586 1164 703 1229 tantum
719 1164 878 1247 Ernestus,
892 1169 946 1233 sed
960 1168 1108 1234 omissum
1119 1172 1212 1236 etiarn

31 1278 144 1360 vellet,
160 1279 372 1367 orgronentia.
416 1277 499 1342 Hac
516 1276 641 1341 enimei
663 1277 804 1343 ridentur
825 1291 927 1345 sumta
952 1276 969 1342 ὲ
993 1278 1104 1348 Liuio:
1128 1288 1149 1321 “
1164 1282 1215 1349 Ea

32 1414 93 1457 noc
119 1390 307 1469 adfirmare,
328 1412 387 1454 uec
409 1387 549 1453 refellere
570 1386 603 1451 in
624 1388 727 1452 nninro
757 1388 833 1454 cat?
876 1390 923 1457 At
946 1389 1020 1456 nihil
1046 1406 1157 1480 peccat
1183 1394 1216 1459 in

33 1502 172 1590 uulgata
201 1499 369 1588 scripturi.
413 1500 590 1573 Quemdanr
612 1514 716 1564 aritern
740 1493 895 1567 literarum
920 1502 1103 1571 Gracarunr
1123 1504 1216 1573 uauni

34 1614 126 1701 apud
144 1614 331 1680 Germanou
346 1612 398 1678 diu
413 1611 559 1677 mauriane
572 1609 685 1699 conjici
699 1623 804 1695 potest
817 1636 856 1678 ex
871 1612 1064 1701 chilperico,
1078 1616 1133 1704 qui
1147 1617 1216 1685 lite·

35 1748 88 1791 raa
102 1724 211 1791 literis
228 1723 395 1791 Gallorum
416 1722 543 1803 addidit,
557 1722 682 1787 etaient
703 1720 810 1789 Groeci
823 1722 938 1790 liabent
952 1748 1072 1816 omega,
1095 1752 1132 1808 a,
1152 1729 1214 1811 tlte,

37 1838 107 1917 aui,
132 1836 182 1903 ita
205 1835 399 1921 aubacriptoa
427 1833 584 1901 literarum
606 1834 798 1900 characteres
821 1833 968 1921 vulgavit,
996 1842 1058 1918 ωψ
1075 1850 1100 1905 Ζ
1114 1851 1162 1907 Ar
1185 1852 1216 1907 et

38 1949 127 2015 misit
143 1947 298 2037 qistolna
319 1947 354 2013 in
369 1942 528 2013 univerior
542 1943 682 2011 civitates
696 1945 795 2033 regni,
810 1957 843 2011 ut
856 1946 900 2011 ric
918 1949 1010 2035 pueri
1023 1950 1213 2020 docerentur.

40 2061 229 2149 Gregorius
240 2059 450 2136 Turonensis,
465 2056 550 2122 Hiat.
574 2077 607 2120 v.
621 2066 676 2122 45.
699 2056 750 2120 Ex
767 2055 887 2121 latinia
911 2056 1007 2124 literis
1022 2058 1042 2124 rl
1057 2062 1214 2155 Gregorio

37 2172 203 2261 expreaaia
218 2169 408 2260 conjecerim
422 2192 481 2257 pro
497 2168 756 2237 Zemeudandum
775 2176 811 2247 θ,
826 2180 858 2233 et
873 2180 895 2235 r
908 2192 965 2255 pro
980 2180 1018 2237 Δ.

87 2396 187 2467 Car.
202 2406 239 2463 4.
264 2394 371 2463 Nullis
383 2393 456 2463 altis
469 2390 605 2461 oliorum
620 2394 794 2462 nationum.
839 2395 925 2461 Aliis
948 2396 1117 2466 redundare
1130 2397 1215 2463 vide·

43 2520 105 2589 tur,
119 2523 158 2576 ut
167 2511 243 2599 jam
258 2508 379 2574 rnonnit
389 2506 528 2595 lipsiua,
537 2507 703 2598 amisitque
718 2506 891 2574 Cluverius.
915 2507 1053 2576 Pichena
1064 2513 1215 2589 tentabat,

44 2621 142 2688 nullia
153 2621 418 2709 alienigenarum.

90 2733 274 2822 Propriam
286 2743 317 2800 et
328 2733 489 2825 normam.
518 2730 595 2798 Nou
607 2733 651 2799 ita
663 2733 744 2800 berre
760 2731 838 2800 MS.
850 2731 1020 2819 Bamberg.
1030 2745 1215 2822 perpetuom

45 2845 261 2913 etrincerom.

88 2955 225 3046 Magna
246 2979 387 3045 corporo,
407 2969 439 3025 et
458 2959 582 3026 toattlm
602 2958 647 3024 od
665 2959 815 3046 impetum
834 2955 954 3026 ualido.
999 2958 1091 3026 Male
1109 2959 1214 3028 MSS.

47 3065 225 3155 Bamberg.
246 3069 442 3136 etArundel.
456 3093 585 3158 corporo
603 3071 726 3136 tantum
749 3070 865 3156 impeto
887 3068 1008 3136 valida.
1051 3069 1214 3138 Acidaliua

48 3179 163 3247 frustra
176 3181 332 3263 emendat,
345 3179 400 3248 aed
411 3204 470 3269 pro
483 3193 523 3248 et.
558 3181 609 3247 Eo
624 3205 714 3247 sensu
728 3192 757 3247 et
771 3179 937 3268 saepissimo
953 3196 1128 3268 usurpatur.

92 3401 189 3501 Cap.
205 3413 238 3471 5.
263 3403 452 3470 Humidior·
464 3440 473 3460 ·
485 3439 495 3459 ·
506 3405 686 3472 ·oentosior.
725 3401 863 3490 Lipsius,
880 3401 1041 3468 Cluverius
1056 3415 1088 3468 et
1103 3399 1217 3468 Kirclr-

53 3513 189 3581 maioma
203 3516 367 3583 emendant
380 3515 543 3581 humilior·
554 3552 564 3572 ο
576 3553 585 3571 ·
597 3516 802 3584 merticorior.
847 3513 944 3588 Quod
958 3511 1084 3580 minime
1100 3516 1217 3599 proba-

51 3624 160 3706 verim,
177 3627 253 3691 cum
266 3625 367 3691 adhuc
380 3626 590 3692 humidiaainra
606 3627 647 3693 ait
659 3628 726 3693 huc
741 3624 919 3692 Germania
942 3647 1024 3711 para,
1045 3623 1216 3692 humidior-

54 3757 113 3820 que
138 3735 246 3816 fuerit,
270 3736 395 3825 quando
415 3737 555 3804 informis
578 3738 675 3819 terris,
700 3737 789 3804 cultu
811 3749 1000 3823 aspectuque
1023 3735 1116 3802 tristia
1137 3749 1215 3804 erat.

53 3846 182 3920 Quanto
205 3860 309 3914 autem
332 3848 425 3914 altior
444 3850 548 3916 versus
571 3849 728 3915 Noricum
749 3871 785 3914 ac
813 3829 1020 3929 Pannoniam,
1047 3859 1133 3912 tanto
1155 3847 1217 3914 suit

53 3959 220 4026 ventosior.
263 3958 418 4026 Altiorem
431 3984 498 4027 asae
516 3975 602 4048 patet
623 3985 662 4027 ex
685 3960 762 4047 ipair
784 3959 906 4046 legibus
924 3958 1099 4025 libramenti
1121 3983 1216 4047 aqua·

54 4089 133 4135 rum.
180 4070 338 4138 Praeterei
351 4071 530 4138 anticorior
542 4097 582 4138 ne
597 4071 708 4138 Lath
721 4073 845 4161 quidem
857 4070 969 4136 dicitur
983 4071 1043 4136 hoc
1058 4093 1159 4137 aenan.

99 4179 293 4273 Plerumque
305 4185 486 4271 inprocera.
530 4182 646 4250 Mallet
660 4184 800 4272 Lipsius,
809 4181 969 4271 pleraque.
1035 4189 1040 4249 l

101 4287 244 4380 Propitir'
268 4317 312 4370 arr
332 4294 420 4362 irati.
464 4293 515 4362 lta
537 4294 642 4362 MSS.
664 4295 769 4362 Vatic.
794 4301 876 4361 1518
900 4305 932 4359 et
952 4302 1050 4368 4498.
1079 4317 1116 4360 ae
1145 4293 1217 4364 libri
1325 4309 1329 4316 ·

60 4421 164 4470 omues
178 4405 261 4475 editi.
305 4406 345 4476 Io
359 4406 464 4478 MSS.
478 4406 581 4483 Vatic.
600 4408 681 4483 moa
692 4419 725 4476 et
739 4407 837 4489 ⁹964·
847 4405 1022 4496 propitiine
1034 4427 1076 4473 on
1091 4405 1180 4472 irati.
