2859 4950
240 267 298 322 m
516 299 523 312 .
606 256 642 316 C.
663 249 1020 316 committetur
1089 259 1096 312 ζ

240 415 299 488 iliu
314 408 503 510 profluunt.
512 425 559 482 ut
574 405 709 482 facilius
721 409 952 507 iraiurjudieis·
963 411 1018 483 vel
1034 409 1184 510 instiget,
1199 411 1259 485 vel
1276 396 1384 502 leniat,-

241 530 302 627 qui
323 529 384 602 scit
407 527 489 626 quid
510 526 581 615 ira3
610 527 782 622 promtius
796 527 841 598 ad
857 525 1109 598 miserationem
1134 528 1308 624 impellat,
1330 528 1384 624 qui

240 645 304 716 icit
329 643 413 742 quid
429 643 471 716 sit
486 641 728 728 misetioordir,
753 657 788 712 et
804 641 929 736 quilitu
943 641 1048 712 ntiuti
1063 641 1218 714 motibus
1245 640 1384 714 concite·

241 777 310 832 tur.
359 760 401 830 In
423 758 476 830 his·
504 757 652 829 artibus¹
683 754 1049 855 exercitationibusque
1076 773 1236 828 vermtue
1264 773 1384 843 orator,

240 853 314 946 aive
327 873 418 971 apud
435 869 588 960 infestos,
612 870 682 942 sive
697 871 790 967 apud
806 870 962 967 cupidos,
985 869 1056 943 sive
1076 873 1169 967 apud
1185 870 1385 958 invidentes,

240 989 311 1062 aive
337 988 427 1084 apud
448 986 572 1074 tristes,
610 986 680 1058 sive
707 986 801 1081 apud
826 986 983 1057 timentes
1006 985 1194 1058 dicendum
1221 985 1385 1073 babuerit,

238 1103 369 1176 tenebit
385 1104 533 1175 habenas
546 1102 763 1174 animorum:
788 1118 822 1173 et
834 1118 938 1198 prout
954 1105 1122 1200 cujusque
1134 1120 1264 1174 natura
1280 1119 1386 1198 poeta·

239 1219 335 1306 labit,
365 1219 537 1292 adhibebit
560 1243 719 1307 manum,
744 1236 778 1290 et
805 1217 1011 1313 temperabit
1035 1217 1247 1306 orationem,
1276 1233 1386 1313 parato

238 1334 337 1406 omni
352 1334 592 1422 instrumente,
608 1349 642 1406 et
654 1336 697 1406 ad
714 1335 855 1404 omnem
867 1355 969 1404 usum
980 1332 1140 1428 reposito.
1190 1335 1288 1406 Sunt
1303 1331 1386 1428 apud

238 1473 330 1544 quos
346 1447 558 1536 adstrictum,
585 1463 618 1520 et
635 1448 835 1535 collectum,
858 1463 893 1518 et
908 1445 1042 1544 singula
1057 1447 1170 1540 statim
1187 1462 1387 1546 argumenta

201 1625 205 1632 .
239 1563 453 1635 concludens
481 1563 615 1634 dicendi
645 1587 767 1660 genus,
791 1564 870 1659 plus
897 1562 978 1635 fidei
1003 1579 1177 1635 meretur:
1205 1563 1304 1659 apud
1330 1561 1386 1632 hot

238 1678 374 1768 dedisse
391 1702 531 1772 operam
547 1677 731 1750 dialecticae
747 1677 914 1774 proficiet.
964 1677 1063 1750 Alios
1077 1676 1170 1765 fusa,
1185 1697 1224 1750 et
1241 1675 1386 1774 aequalis,

242 1811 276 1864 et
303 1819 347 1864 ex
374 1793 616 1865 communibus
638 1793 741 1864 ducta
757 1793 918 1866 uentibus
941 1791 1064 1880 oratio,
1086 1793 1197 1891 magis
1223 1793 1384 1866 delectat:

241 1908 285 1979 ad
303 1908 365 1978 hos
382 1911 632 2002 permovendos
658 1910 892 1980 mutuabimur
909 1909 930 1982 i
945 1908 1199 2003 Peripateticis²
1222 1925 1335 2004 aptos,
1357 1921 1385 1974 et

237 2021 277 2092 in
298 2029 438 2095 ¹outnem
455 2022 715 2118 disputationem
733 2041 867 2118 paratos
879 2026 950 2121 jam
967 2024 1086 2096 locos.3
1139 2025 1291 2096 Dabunt
1305 2025 1385 2094 Aca·

240 2136 366 2208 demici
388 2137 667 2234 pugnacitatem,⁴
691 2140 788 2212 Plato
804 2139 1031 2228 altitudinem,
1056 2140 1258 2235 Xenophon
1271 2141 1383 2236 jucun·

237 2250 402 2324 ditatem:
421 2276 466 2350 ne
476 2252 617 2348 Epicuri
634 2253 774 2351 quidem
789 2271 824 2326 et
839 2254 1033 2328 Metrodori
1049 2254 1211 2326 honestae
1223 2251 1381 2350 quasdam

242 2366 528 2440 exclamationes⁵
561 2369 755 2466 adsumere,
788 2368 923 2465 hisque,
952 2386 1056 2477 propt
1083 2394 1139 2442 res
1166 2385 1302 2464 poscet,
1330 2362 1383 2449 uti,

125 2465 127 2470 ,
240 2484 392 2561 alienum
418 2500 489 2555 erat
517 2486 666 2559 oratori:
693 2485 920 2583 nequeenim
944 2486 1131 2583 sapientem
1149 2484 1383 2566 informamus,

241 2622 357 2693 neque
376 2598 581 2671 'Stoicorum
608 2599 790 2689 civitatem,
823 2602 884 2673 sed
910 2626 1006 2688 eum,
1039 2600 1100 2698 qui
1121 2625 1198 2673 non
1228 2599 1383 2698 quasdam

235 2728 333 2791 ,artes
349 2708 495 2803 audire‚⁶
519 2714 579 2785 sed
595 2740 715 2789 omnes
731 2717 913 2810 liberaliter
927 2718 1040 2791 debet.
1091 2718 1246 2815 Ideoque
1261 2733 1295 2787 et
1307 2709 1383 2811 juris

287 2940 296 2969 ¹
320 2942 378 3003 Hie
400 2946 518 3007 artttuu.
560 2948 623 3007 Neo
645 2950 728 3009 aliter
744 2954 794 3011 Pe·
848 2952 992 3028 quentieut
1023 2950 1148 3009 coufemt
1176 2950 1216 3009 ibi
1246 2942 1381 3025 expendit.

248 3026 363 3089 tronus,
387 3026 414 3081 iu
430 3028 570 3105 Satyriw,
591 3049 655 3109 cap.
671 3038 698 3088 5.

236 3182 444 3237 ,urseceni-auen
451 3184 609 3239 planitiarum.
615 3188 794 3229 nnttuttubemu

245 3242 318 3287 Litur,
326 3246 346 3283 α
355 3242 451 3294 lugentis
459 3246 550 3293 quatiar
560 3244 709 3287 Denunttieuta·
720 3260 793 3287 arma.

236 3342 243 3352 ’
265 3345 267 3354 '
287 3347 299 3375 ²
321 3350 514 3409 ditetuubimur
541 3352 558 3409 d
587 3352 794 3431 Peripateticis.

236 3430 322 3489 avide
335 3448 395 3487 not.
406 3450 434 3489 et
448 3436 558 3489 emunt.
571 3436 605 3489 ad
620 3452 685 3511 cap.
700 3440 751 3493 31:

289 3506 299 3539 ³
322 3511 444 3569 Paratur
461 3516 524 3587 jum
552 3514 634 3571 locor.
678 3514 731 3571 llis
757 3515 792 3572 dc

247 3590 319 3647 locis
332 3590 418 3647 libros
430 3608 496 3647 uem
509 3594 683 3669 'lopieorum
705 3594 796 3652 edidit

233 3666 423 3738 'Aristotelea
445 3672 697 3747 Peripateticorum
720 3677 794 3753 prin·

249 3770 325 3828 ceps.
368 3752 440 3809 l'itle
453 3764 481 3807 et
495 3754 671 3827 Ciceronem,
691 3756 794 3833 'l'opic.

250 3848 314 3905 cap:
330 3840 342 3888 l
359 3842 386 3886 et
400 3834 429 3887 ⁴2.

234 3926 241 3939 ·
287 3908 483 3969 ⁴Academici
497 3914 713 3991 puguucitcttem.
755 3919 796 3972 Α·

249 3992 402 4049 cademicis
413 4010 486 4048 emm
498 4010 599 4051 muiaest
611 3996 639 4051 iu
650 4006 795 4071 utrumque

246 4078 355 4149 purtem
376 4072 527 4130 disserendi
537 4097 548 4142 ‚·
569 4076 645 4149 quod
664 4078 701 4133 ud
720 4096 795 4133 eter-

250 4152 407 4209 citutioncm
448 4154 607 4231 jurensium
648 4174 792 4213 causarum

243 4230 369 4309 pruritui
409 4234 529 4291 accedit.
584 4236 793 4306 Quintilianus¹

242 4308 381 4369 'institut
401 4312 558 4373 Orat.x11.
578 4322 607 4374 2.
649 4319 792 4384 Qttaenum

249 4388 434 4474 philosophiae
455 4408 532 4454 secta
560 4394 650 4474 magis
673 4398 709 4455 ud
736 4397 794 4455 elo-

850 3032 1068 3110 Peripateticum
1083 3046 1111 3089 et
1125 3032 1328 3088 Academicum
1341 3042 1382 3077 uu·

849 3116 1002 3191 teponebat
1027 3114 1139 3183 Cicero,
1174 3110 1253 3169 libr.
1282 3124 1329 3165 ιιι.
1352 3102 1381 3156 de

838 3196 985 3257 .Omtore.

891 3273 900 3306 ⁵
921 3275 1064 3332 dimicetur
1077 3274 1207 3349 putridam
1221 3265 1383 3331 exclamatio·

851 3376 907 3412 nee.
949 3351 1179 3412 Exclumationes
1193 3353 1257 3410 illas
1268 3353 1380 3420 alangav-

850 3432 982 3509 efllepm
995 3435 1049 3513 tigal
1061 3434 1227 3510 appellabat
1241 3432 1379 3507 Epicuro

852 3516 941 3591 iisque
954 3515 1106 3591 saepissime
1122 3518 1264 3573 utebatur.
1291 3508 1379 3565 Exem-

852 3596 901 3670 pla
920 3596 1085 3673 suppeditat
1104 3596 1162 3652 vita
1176 3580 1379 3673 Epicurippud

855 3675 1007 3750 Diogenem
1047 3676 1202 3744 Laenium,
1243 3673 1304 3730 libr.
1342 3666 1377 3749 lil-

854 3756 926 3812 Vide
963 3777 1078 3833 quoque
1113 3765 1193 3812 notas
1222 3748 1377 3831 Cusaubont.

852 3854 916 3913 cap.
932 3843 959 3894 5.
1002 3835 1182 3894 Metrodorus
1199 3835 1292 3891 a‘utem
1309 3826 1378 3883 disct-

852 3918 939 3991 pulus
974 3917 1028 3973 tuit
1062 3916 1191 3992 radenti.
1240 3910 1376 3977 utriusque

853 3998 959 4067 herma,
990 3997 1151 4074 conjunctis
1175 3996 1321 4072 cupitibm,
1345 3997 1377 4071 tt·

853 4090 956 4153 pertua
967 4095 1008 4135 est
1030 4096 1103 4134 anno
1120 4082 1204 4142 1743.
1248 4076 1336 4131 Roma
1349 4074 1375 4153 tt

855 4156 1010 4214 Liberianae
1033 4158 1164 4215 basiliere
1197 4154 1376 4224 tundameum

853 4252 886 4295 ut
919 4240 1002 4296 elucet
1035 4240 1065 4295 Ρ.
1096 4238 1234 4303 Galeotti,
1266 4230 1375 4289 Fictt'tt‘

852 4317 1145 4389 Gerumuiiiuetratoe‚
1166 4338 1195 4395 p.
1213 4308 1276 4373 136.
1339 4380 1343 4389 ι

894 4391 908 4427 ⁶
930 4399 1016 4459 Artes
1030 4400 1138 4459 redire.
1177 4396 1286 4462 Verius,
1303 4380 1374 4449 citt?-
