2859 4950
244 278 302 342 126
612 280 648 337 C.
669 277 870 338 CORNELII
891 276 1029 338 TAClTl

237 432 461 533 compositus,
478 449 512 506 et
538 432 644 505 audiit
668 458 789 531 preces
806 432 1013 522 excusantis,
1035 450 1070 506 et
1093 434 1180 508 crim
1203 431 1374 524 adnuisset,

237 552 293 653 agi
318 550 381 625 sibi
405 549 550 650 gratias¹
577 572 696 645 passus
712 565 785 623 est:
811 574 876 622 nec
897 549 1033 622 erubuit
1057 548 1214 622 beneficii
1238 549 1373 623 invidit:

236 666 421 741 salarium²
436 680 565 755 tamen,
581 663 819 761 proconsulari
831 664 970 737 solitum
982 665 1111 754 offerri,
1123 685 1170 755 et,
1182 665 1375 763 quibusdam

237 780 258 858 i
276 784 385 881 seipso
403 806 618 871 concessum,
629 782 814 880 Agricolae
830 806 902 853 non
920 782 1029 855 dedit:
1048 781 1118 855 sive
1134 782 1300 870 offensus,
1314 806 1374 853 non

236 899 395 998 petitum,
421 900 491 971 sive
514 922 560 971 ex
584 895 805 985 conscientii,
830 921 875 970 ne
901 900 997 995 quod
1022 914 1189 987 vetuerat,
1215 898 1375 972 videretur

236 1016 382 1089 emisse.³
444 1012 630 1111 Proprium
659 1012 830 1093 ¹humani
866 1013 994 1111 ingenii
1030 1032 1094 1104 est,
1132 1014 1246 1087 odisse
1282 1037 1374 1112 quem

211 1216 213 1221 ¹
236 1132 414 1205 laeserist⁴
438 1128 628 1203 Domitiani
645 1152 730 1201 vero
745 1146 868 1201 natura
890 1154 1043 1226 praeceps
1065 1129 1100 1201 in
1125 1130 1227 1219 iram,
1253 1147 1286 1201 et
1313 1130 1374 1226 quo

236 1247 429 1337 obscurior,
446 1246 490 1319 eb
516 1244 784 1335 irrevocabilior,
811 1244 1044 1319 moderatione
1060 1264 1176 1319 tamen
1192 1244 1373 1345 prudentii-

233 1364 305 1461 'que
319 1363 496 1463 Agricolae
513 1360 720 1434 leniebatur:
739 1360 820 1458 quia
835 1383 907 1433 non
923 1359 1151 1450 contumaeiit,
1166 1386 1282 1458 neque
1297 1359 1373 1431 inani

233 1479 416 1577 jactatione
433 1476 608 1566 libertatis,
625 1474 754 1549 famam
770 1471 972 1573 fatumque⁵
989 1478 1208 1572 provocabat.
1261 1476 1373 1561 Sciant,

237 1592 363 1693 quibus
379 1594 485 1667 moris
502 1586 578 1665 est⁶
594 1592 709 1666 illicita
725 1592 854 1681 irritari,
870 1618 970 1689 posse
983 1592 1083 1664 etiam
1096 1592 1161 1665 sub
1178 1591 1278 1664 malis
1292 1590 1372 1665 Pn'n

237 1710 368 1809 cipibus
385 1730 530 1809 magnos
545 1708 638 1781 viros
654 1732 753 1781 esse:
780 1710 1053 1805 obsequiumque
1070 1734 1109 1780 ac
1126 1708 1338 1795 modestiam,
1353 1704 1374 1776 si

234 1824 402 1899 industria
426 1848 465 1897 ac
483 1824 582 1922 vigor
606 1824 730 1912 adsint,
755 1822 799 1895 eb
817 1823 926 1895 laudis
942 1826 1124 1911 excedere,
1142 1824 1215 1920 qud
1233 1822 1373 1921 plerique

236 1966 301 2039 per
326 1942 484 2037 abrupta,
517 1928 578 2013 sed
606 1939 642 2011 in
668 1939 807 2011 nullum
835 1937 1031 2037 reipublicae
1059 1964 1177 2029 usum,
1208 1934 1373 2011 ambitiosi

237 2071 350 2129 morte
365 2054 611 2129 inclaruerunt.
1402 2063 1403 2086 ¹

228 2290 230 2297 '
288 2299 348 2361 43.
373 2283 483 2361 Ftnrs
500 2286 579 2362 vitae
596 2288 669 2389 ejus
684 2288 786 2363 nobis
810 2289 1001 2379 luctuosus,
1017 2286 1134 2361 amicis
1158 2288 1262 2361 tristis
1278 2303 1373 2359 extrr-
1402 2295 1403 2308 ²

237 2400 311 2478 treis
327 2404 428 2477 etiarn
444 2403 662 2506 ignotisque⁷
678 2428 751 2480 non
767 2405 840 2481 sine
856 2406 942 2480 curt
957 2404 1035 2479 fuit,
1087 2405 1224 2506 Vulgus
1237 2426 1374 2504 quoque,

1402 2510 1403 2599 l

280 2661 289 2687 ¹
313 2661 374 2740 Agn'
398 2661 451 2722 tibi
468 2664 591 2740 gratius.
613 2665 685 2722 Caio
706 2665 786 2722 Cali-
839 2667 917 2742 qnod
945 2674 1088 2723 vetuerat:
1116 2675 1185 2721 'nam
1211 2661 1230 2721 b
1256 2658 1372 2734 Principe

239 2743 313 2817 gnlae
336 2741 457 2818 agebant
477 2744 590 2820 gratias
617 2755 644 2801 et
672 2765 787 2820 pirorum
841 2748 969 2815 vetitum,
991 2765 1025 2804 ne
1050 2745 1187 2822 Agricola
1209 2741 1370 2822 provinciam
1402 2740 1403 2789 ἒ

239 2821 321 2881 lbere·
342 2824 435 2891 occmi,
458 2831 486 2880 et
511 2842 625 2899 qnorum
650 2827 720 2882 bonu
741 2827 788 2883 ab·
840 2828 941 2884 adiret.
1402 2822 1403 2871 ἶ

240 2904 302 2961 late
315 2912 408 2975 erunt,
429 2904 528 2962 Senee.
550 2904 585 2960 ‹le
601 2905 787 2981 Tranquillit.
877 2905 893 2938 ⁴
914 2907 1012 2964 Odisse
1031 2923 1107 2982 quem
1120 2903 1235 2963 leteris.
1257 2902 1288 2960 ld
1305 2915 1372 2986 man·
1402 2892 1403 2937 i

241 2983 424 3054 anitni‚x1v.
448 2985 485 3042 lit
498 2985 575 3062 apud
592 2985 739 3052 Senecam,
752 2989 788 3044 de
839 2989 895 3044 ime
910 2987 983 3062 riget
999 2987 1028 3044 in
1049 2986 1242 3063 potentiorum
1264 2980 1370 3057 injuriis.

242 3065 300 3130 lm,
314 3079 351 3122 11.
362 3069 411 3123 ³3.
425 3064 583 3122 Notissima
596 3069 652 3124 'cor'
663 3075 704 3124 est
718 3069 789 3143 eJ'as,
842 3069 924 3126 Unde
943 3069 1059 3139 Seneca,
1078 3069 1113 3124 de
1128 3067 1183 3134 lta,
1198 3083 1236 3122 ιι.
1250 3069 1298 3122 33.
1317 3059 1372 3115 Ηοι
1402 3066 1403 3131 l

242 3145 290 3222 qui
313 3147 344 3202 in
367 3146 445 3204 cultu
467 3165 563 3222 regum
584 3158 785 3205 consenuerat:
841 3150 939 3205 labent
951 3150 1096 3223 pessimum
1109 3140 1306 3221 artimimognd
1314 3140 1370 3218 Jer-
1402 3136 1403 3193 l

241 3225 303 3283 etim
331 3225 408 3284 illum
442 3226 552 3300 quidum
587 3225 789 3304 interrogaret,
841 3227 910 3284 nom
930 3228 1088 3299 insolentes,
1110 3246 1178 3305 quoe
1197 3226 1331 3288 leserunt,
1349 3221 1372 3270 cl

243 3303 386 3370 Quomodo
404 3305 575 3364 rarissimam
597 3326 654 3364 rem
671 3308 699 3364 in
721 3309 788 3366 ercle
840 3310 969 3365 oderunt.

181 3407 183 3418 ·
240 3395 404 3445 consecutus
426 3395 508 3452 estet,
525 3391 716 3444 seneclutem?
737 3389 787 3446 In·
881 3385 891 3418 ⁵
915 3387 1027 3444 Fontem
1039 3386 1202 3466 saltimque.
1222 3383 1259 3454 Id
1284 3396 1370 3460 pecen-

230 3465 342 3544 ιιἰινὶαι,
355 3467 457 3544 inquit,
467 3465 626 3544 accipiendo
637 3475 665 3522 et
676 3469 789 3544 gratias
842 3488 905 3525 vere.
918 3468 1015 3535 multi,
1026 3469 1077 3544 qui
1091 3469 1146 3524 sub
1161 3467 1275 3523 Nerone
1283 3477 1310 3520 et
1323 3462 1370 3517 llo·

242 3543 458 3686 aglnbblerium
498 3628 640 3686 bolarium
657 3627 731 3686 illud
745 3628 776 3685 fu
843 3550 961 3686 mridiiilio
987 3549 1092 3605 famam
1120 3563 1295 3622 mortemque
1316 3557 1368 3618 W

461 3669 468 3682 .
498 3664 505 3682 ι
777 3661 790 3672 -
844 3650 857 3683 ι
925 3648 986 3684 're

204 3711 207 3720 '
243 3704 294 3763 isse
305 3707 398 3766 decies
409 3708 576 3778 sestertiltm,
587 3709 675 3784 Angl.
688 3711 788 3768 83331.
882 3702 895 3735 ⁶
927 3707 1034 3774 Quibus
1060 3712 1145 3767 enoris
1176 3718 1228 3766 est.
1271 3704 1368 3775 Quibus

241 3783 285 3844 tn.
300 3789 347 3846 sd.
359 3782 516 3848 'videturex
531 3789 625 3846 Dione
642 3805 788 3846 nxxvttt.
843 3789 928 3847 moris
958 3800 999 3846 est
1032 3789 1146 3862 illicita,
1172 3783 1368 3847 contumaciam

242 3889 270 3946 p.
287 3874 354 3936 899.
378 3869 463 3928 Hanc
479 3870 554 3928 enim
577 3888 720 3926 summam
741 3869 788 3930 cols
842 3886 942 3946 nempe
955 3880 983 3926 et
1004 3869 1115 3928 inanem
1139 3869 1275 3929 libertatis
1289 3865 1368 3943 jacta·

240 3943 310 4005 vim
331 3949 378 4006 ul
403 3945 479 4006 elma
504 3943 642 4027 μυςιάὸιις,
669 3949 789 4006 Aufidio
842 3949 1079 4018 tionent‚mitrtti.

241 4027 386 4100 Frontoni,
401 4030 469 4088 crlm
482 4029 508 4086 ei
530 4029 605 4086 Asiae
623 4027 788 4103 Alriereque
880 4023 892 4059 ⁷
922 4031 1075 4090 Extraneie
1102 4031 1186 4088 etiem
1219 4025 1366 4108 lgwfflll‘:

240 4109 461 4186 proconsulatus
486 4123 645 4184 negaretur,
678 4108 694 4164 l
722 4109 787 4164 Mu-
842 4109 942 4168 Manet
965 4111 1061 4168 adhuc
1082 4111 1220 4170 Graecum
1243 4097 1366 4180 Antiphili

240 4190 330 4260 erino,
345 4189 529 4270 Imperatore,
540 4188 668 4246 oblatam
680 4207 786 4246 merno-
839 4191 1024 4266 epigramma,
1045 4192 1205 4268 quodcum
1224 4183 1318 4249 Latine
1334 4181 1366 4236 in·

239 4281 293 4328 rat.
840 4272 1042 4348 terpretatione
1065 4272 1162 4330 Grotii
1187 4271 1249 4330 vide
1267 4269 1295 4326 in
1317 4267 1364 4319 1¹⁰1·

279 4343 292 4381 ³
336 4347 488 4408 Videretur
533 4349 636 4408 emisse.
681 4348 786 4408 Noluit
839 4351 1039 4412 etenrend.ad
1054 4337 1185 4431 capia.

237 4429 427 4490 Domitianus
449 4429 537 4488 videri
559 4431 657 4489 emisse
673 4430 786 4502 salario,
