2859 4950
242 322 305 387 one
435 284 440 295 “
552 326 678 387 uoru
698 326 751 387 rr
772 326 1105 395 sueunsrroues

241 492 341 563 suu,
363 502 437 545 mor
458 480 643 567 corrigebat,
669 486 758 571 prius
779 508 836 571 pro
861 498 978 573 portus.
1022 488 1151 554 Tacitus
1178 500 1273 557 entem
1296 491 1359 575 dirit,

242 592 400 679 empireus
422 593 574 675 civitates,
596 610 632 660 ut
657 618 750 683 supra
771 597 886 663 Annal.
904 618 964 663 xv.
979 606 1032 679 69.
1060 607 1083 641 “
1098 600 1285 687 smpiectitsr
1301 624 1361 669 ren·

241 703 432 791 pubiicsm.”

288 814 411 881 Hostili
424 818 567 897 erereitp.
612 816 690 884 MS.
705 818 806 885 vute.
821 828 919 895 8429.
932 837 964 886 et
974 838 1091 891 veteres
1103 824 1260 909 editiones,
1273 827 1359 893 suut

241 926 402 993 exercitiis.

286 1038 507 1125 impelleretur.
554 1040 632 1107 MS.
643 1040 743 1107 Vstie.
757 1051 851 1117 ³429.
863 1058 894 1110 et
910 1058 1026 1111 veteres
1039 1046 1200 1132 editiones,
1212 1048 1362 1139 impellitur.

239 1149 366 1218 Frustra
381 1165 477 1217 tentat
492 1152 543 1217 Ct.
559 1150 719 1233 Ernestus,
733 1154 910 1242 irfferretur,
926 1156 1154 1247 impingeretur.

284 1264 407 1329 Auetus
431 1263 582 1329 Oceururs.
628 1262 688 1343 Ita,
701 1278 734 1329 et
747 1265 911 1353 eleganter,
926 1282 1042 1333 veteres
1057 1290 1092 1333 se
1107 1273 1289 1337 recentiores
1300 1270 1364 1337 oditi-

238 1394 325 1441 ones.
370 1374 504 1441 Pichene
528 1376 651 1462 aliique,
674 1378 772 1441 vietus
804 1374 954 1445 Oceanus.
998 1379 1052 1445 Sic
1077 1404 1202 1468 quoque
1225 1382 1307 1448 vertit
1326 1382 1362 1445 ii.

240 1486 382 1567 Gordos,
408 1496 428 1527 ‘⁴
442 1486 549 1554 Thou
570 1486 756 1573 r‘anuished
779 1488 917 1555 Ocesu.”
959 1488 1100 1577 Murphy
1124 1516 1258 1580 quoque,
1278 1500 1299 1533 “
1311 1494 1362 1557 And

238 1600 290 1663 the
304 1600 393 1685 spirit
407 1599 480 1665 with
495 1599 595 1663 which
609 1600 648 1662 he
662 1602 836 1686 conquered
852 1600 946 1666 winde
959 1604 1017 1667 and
1032 1604 1161 1667 wares.”
1186 1608 1234 1670 At
1246 1606 1277 1671 ri
1291 1606 1364 1670 rictu

238 1711 329 1775 simui
355 1714 394 1777 ed
420 1714 597 1799 precedens
620 1722 704 1776 terro
727 1723 759 1775 et
780 1710 874 1776 hostis
895 1716 1054 1779 referetur.
1100 1714 1179 1779 Vide
1194 1714 1290 1781 Misc.
1303 1716 1362 1781 ou

239 1845 293 1889 rx.
309 1826 383 1891 361.

283 1934 484 2022 Oppugruisse
511 1934 607 1999 ultro.
651 1934 778 1999 Frustra
802 1946 898 1999 tentat
927 1934 1062 2020 Lipsius,
1091 1958 1272 2025 oppugnare
1290 1938 1362 2017 uitur,

236 2046 361 2113 conella
396 2048 525 2112 adoriri.
582 2044 647 2111 Atii
682 2046 855 2127 emendent,
890 2066 1114 2135 oppugnavere.
1173 2050 1255 2115 Vide
1288 2050 1363 2115 Misc.

237 2160 394 2225 0bs.1x.
420 2162 495 2226 861.
1154 2184 1159 2195 ·

279 2271 406 2355 Portus,
434 2270 527 2361 qusint
552 2270 751 2358 pellerentur.
777 2244 913 2335 ‘Mallet
946 2270 1134 2352 Gronovius,
1164 2275 1268 2359 priris,
1293 2272 1363 2362 queis

228 2382 430 2474 pellerentur.

281 2497 401 2587 ignovi
413 2497 510 2583 specie
521 2493 728 2582 perdentium.
774 2493 823 2558 its
839 2493 915 2560 MS.
928 2494 1028 2559 Vatic.
1041 2503 1137 2569 3429.
1181 2495 1223 2562 In
1237 2496 1363 2562 veteribus

234 2610 432 2689 editionibus,
445 2609 540 2695 specie
561 2607 670 2695 ignari
681 2605 899 2692 prudentium:
921 2607 991 2671 iude
1006 2609 1037 2670 iu
1054 2607 1274 2674 recentioribus
1286 2611 1363 2674 tuerat

235 2723 442 2798 emendatum,
455 2722 550 2806 specie
558 2718 756 2804 prudentium
770 2719 888 2806 ignari.

280 2831 518 2896 Circumiretur.
560 2829 647 2894 Bene
661 2844 777 2895 veteres
792 2841 823 2894 et
836 2831 1018 2896 recentiores
1033 2829 1190 2896 editiones.
1229 2829 1266 2896 [n
1281 2828 1363 2916 Lipsi-

233 2943 310 3022 anis,
323 2943 567 3008 circumirentur.

277 3173 368 3240 Cer.
389 3177 443 3241 ⁶26.
468 3170 537 3239 Pro
564 3172 672 3250 solute,
700 3172 739 3237 de
761 3169 876 3261 glorid.
921 3171 1114 3238 Emendsbet
1146 3171 1313 3248 Acidalius,
1335 3167 1362 3231 de

232 3285 344 3366 salute,
361 3309 422 3374 pro
442 3284 567 3376 glori&
591 3289 764 3371 probatque
787 3283 838 3350 Ci.
856 3283 1023 3348 Ernestus:
1048 3269 1139 3369 atque
1160 3285 1203 3347 ita
1222 3279 1311 3348 edidit
1324 3277 1362 3343 ΕΙ.

234 3397 425 3464 Iailemsnd.
470 3395 558 3462 Nihil
578 3397 768 3475 mutaverim,
792 3396 1013 3482 refragantibus
1037 3394 1142 3458 libris:
1168 3393 1294 3479 uulgata
1314 3411 1361 3456 nou

232 3509 403 3596 displicent.

274 3621 426 3708 Erupere.
470 3619 600 3708 optime
615 3619 691 3686 MS.
704 3619 806 3686 Vstic.
823 3629 918 3696 3429.
932 3619 976 3685 sic
991 3641 1115 3706 quoque
1129 3619 1253 3686 volebat
1265 3615 1360 3682 Acida-

230 3734 300 3799 lius.
346 3731 514 3820 Perpetem
539 3732 608 3797 libri
626 3731 712 3814 editi,
737 3733 885 3820 irrupere.
931 3731 1069 3797 Britanni
1093 3731 1173 3795 enim
1197 3731 1358 3815 irruperant,

231 3845 367 3911 Romani
380 3846 396 3910 ὲ
411 3846 517 3910 castris
530 3867 668 3930 erupere.

273 4065 365 4132 Cur.
380 4075 432 4140 et.
457 4067 698 4135 Peuetrurrdum.
744 4067 820 4136 MS.
833 4067 934 4134 Vatis.
949 4075 1045 4142 ³429.
1059 4077 1088 4132 et
1098 4064 1324 4152 penetrandum.

275 4177 374 4267 Cujus
389 4179 569 4246 coustantid.
611 4180 747 4260 Tentant
764 4179 898 4265 Lipsius,
912 4179 1049 4245 Pichene
1063 4191 1094 4244 et
1108 4176 1272 4256 Acidalius,
1286 4173 1354 4260 cuju

229 4290 426 4358 concinuit.
471 4293 559 4358 Ninit
575 4293 755 4374 mutandum
768 4292 922 4358 existimet
936 4291 1052 4356 lliustr.
1067 4289 1212 4370 Huetius,
1226 4285 1351 4377 quddpt

229 4420 377 4476 summum
406 4406 610 4472 constantium
631 4406 780 4474 exereitus
800 4403 879 4472 tare
900 4404 1060 4473 victorium
1074 4403 1245 4493 peperisset.
1285 4393 1350 4464 Mo!
