2859 4950
502 272 727 341 nuutcoLn.
1132 282 1189 339 103

59 426 156 502 omnia
170 426 280 517 seira
293 452 362 501 non
379 426 493 501 omnia
515 426 659 524 exsequi
671 430 704 526 ς’
718 426 843 524 <parvis
869 427 1019 525 peccatis
1035 432 1191 523 reniam,

59 544 172 642 maguis
202 544 416 618 severitatem
445 546 689 617 commodare:
716 568 780 617 nec
810 545 929 639 poena·
945 570 1096 643 semper,
1129 550 1192 622 sed

60 660 164 755 sepitis
193 660 395 755 poetritentiti
418 675 599 732 contentus
621 684 716 733 esse:
741 660 864 733 officiis
893 679 928 733 et
953 662 1191 734 administrati-

61 775 158 846 onibus
173 776 295 871 potitis
318 791 606 869 non²peccaturos
623 780 853 870 praeponere‚²
879 775 987 872 quim
1013 778 1190 867 damnare,

65 890 123 959 citu
137 889 348 985 peccassent.
380 889 557 965 Frumenti
570 906 604 960 et
621 884 831 961 tributorum
846 891 1057 963 auctionem³
1075 918 1190 990 aequa·

64 999 123 1075 litate
152 1030 342 1079 munerum
375 1007 538 1094 mollire,4
569 1004 779 1078 circumcisis
812 1031 907 1102 quae,
940 1006 977 1077 in
1014 1031 1189 1105 quaestutn

62 1138 178 1213 reperta,
211 1123 289 1219 ipso
321 1122 451 1196 tributo
480 1122 624 1221 gravius
652 1123 908 1195 tolerabantur:
946 1147 1098 1219 namque
1125 1149 1188 1220 per

59 1234 218 1311 ludibrium
235 1238 393 1313 adsidere
410 1239 532 1313 clausis
549 1238 695 1328 horreis,
708 1256 742 1311 et
759 1262 875 1310 emere
887 1235 1186 1329 ultrofruutenta,

56 1373 84 1421 ac
103 1354 243 1425 vendere
259 1354 371 1450 pretio
387 1356 623 1453 cogebantur:
651 1354 803 1425 devortia
818 1353 981 1425 itinerum
997 1371 1032 1425 et
1052 1352 1187 1451 longin-

56 1466 146 1561 quius
154 1470 339 1569 regionum
355 1470 580 1558 indicebatur,
593 1483 632 1541 ut
649 1467 798 1542 civitates
815 1467 836 1539 a
853 1468 1020 1566 proximis
1032 1468 1186 1541 hibernis

54 1827 84 1865 ac
106 1808 279 1873 fidelissimos.
322 1816 412 1891 ldque
438 1812 578 1889 conjicere

52 1887 110 1947 licet
129 1912 160 1949 ex
182 1896 321 1973 Ulpiano,
346 1896 453 1971 Dignst.
475 1894 539 1951 Lib.
556 1913 577 1951 t.

52 1968 99 2027 l'it.
115 1969 207 2033 lude
223 1976 332 2033 Officio
354 1975 531 2052 proconsulis
550 1988 596 2030 et⁴

53 2047 130 2124 legati.
150 2057 211 2133 leg.
225 2066 256 2115 4.
283 2058 373 2115 Neruo
386 2057 578 2133 proconsulum

52 2138 168 2219 stratores
191 2160 256 2197 suos
280 2138 378 2193 lrubcre
394 2145 508 2213 potest:
530 2136 579 2194 secl

53 2228 98 2268 ure
120 2236 206 2275 eorum
232 2218 335 2276 milites
369 2216 523 2275 ministerio
549 2216 577 2272 iu

50 2296 363 2375 prmaaissbng-untnr.
376 2298 463 2355 ·Talis
476 2306 579 2355 strator

52 2386 96 2429 eut
108 2376 191 2436 Silius
207 2381 328 2457 Hospes,
342 2380 388 2455 cuj
395 2400 425 2437 tts
443 2378 579 2435 memoria

53 2466 113 2513 tutat
122 2461 195 2536 apud
208 2460 380 2542 Gruterum,
391 2483 419 2538 p.
430 2466 496 2528 389.
510 2480 539 2518 n.
550 2466 579 2518 2.

100 2585 130 2634 Τ.
147 2588 204 2640 CL.
221 2588 450 2652 CANDIDO,
467 2592 515 2640 bre.

53 2671 154 2727 stuvs.
172 2679 577 2764 uosrnsssunsrnrus.
612 2653 615 2658 ’

227 2761 324 2812 aas.
348 2765 374 2814 x

53 2843 464 2904 onattunnsnuanou.
479 2853 576 2904 EIVS

101 2937 277 2993 OPTIMO.
296 2942 518 2994 PRAESIDI.

82 3082 234 3170 'Exsequa
268 3091 375 3150 Omnia
401 3091 483 3160 scire,
517 3113 574 3150 non

54 3167 128 3224 onnia
146 3173 256 3245 punire.
297 3173 345 3229 Sic
360 3171 457 3230 Julius
471 3173 574 3246 Caesar,

54 3247 111 3316 apuu
135 3251 301 3309 Suetonium
328 3253 358 3308 in
381 3252 443 3310 Jul.
461 3271 573 3312 axau.

55 3321 134 3385 delicta
145 3351 228 3410 neque
243 3334 406 3389 obseruabat
416 3334 514 3405 omnia,
528 3355 576 3393 ue-

55 3420 92 3473 nae
106 3428 153 3482 pro
176 3415 256 3471 modo
281 3413 495 3488 exsequebatur:
525 3417 574 3473 sed

55 3482 198 3572 desertorum
217 3513 253 3550 ac
272 3493 463 3550 seditiosorum
484 3495 574 3572 inqui-

54 3571 116 3636 ntor,
127 3579 152 3627 ct
165 3574 282 3648 punitor
300 3573 459 3644 accrmnms,
481 3577 575 3635 contri·

54 3645 152 3708 ttbatin
165 3655 273 3712 ceteris.

83 3719 177 3790 ²Non
203 3741 370 3810 peccaturos
404 3753 573 3811 preponere.

56 3797 225 3882 Propterea
238 3814 318 3872 libris
330 3814 411 3871 editis
430 3815 572 3875 immeritd

56 3878 127 3948 luerat
155 3893 298 3954 omissum.
352 3893 427 3952 Vide
452 3904 511 3954 not.
543 3907 572 3954 ct

57 3971 140 4026 emend,
153 3976 185 4031 ad
198 3994 263 4053 cap.
278 3980 324 4042 19.

70 4039 94 4131 '³
111 4051 273 4114 Auctionem.
293 4054 399 4113 Melius
413 4053 484 4113 lortb
494 4075 573 4113 cccc-

58 4129 143 4189 tronent.
179 4136 251 4194 Vide
271 4149 330 4194 not.
351 4147 379 4195 et
401 4135 512 4194 emend.
534 4139 570 4195 ad

58 4217 127 4274 canl
152 4255 159 4270 .

84 4218 226 4355 ‘biottira
262 4296 405 4354 Frumenti
428 4305 457 4354 et
480 4297 571 4354 tribu·

59 4369 130 4448 luam
141 4378 319 4449 exactionem,
337 4377 479 4436 ueletiam
501 4397 570 4438 auc·

636 1812 751 1881 tionem,
764 1810 929 1887 equalitate
941 1829 1092 1867 marterum
1112 1810 1185 1869 mol-

636 1892 681 1949 liit
694 1893 841 1967 Agricola,
862 1893 1133 1967 circumcisisque,
1153 1892 1184 1948 itt

635 1985 776 2046 questum
793 1980 912 2049 reperta,
925 1973 986 2048 ipso
1000 1971 1109 2028 tributo
1121 1990 1184 2048 gra·

635 2053 697 2109 vitia
731 2052 935 2111 adorabantur.
989 2052 1076 2123 Nam,
1116 2062 1183 2109 ante

635 2134 780 2207 Agricolae
809 2134 1017 2213 praefecturam,
1041 2152 1184 2209 ‚procura-

636 2222 709 2271 tores
724 2213 998 2290 publicanique‘rton
1014 2214 1110 2271 statim
1124 2214 1184 2271 fru-

636 2304 764 2351 mentum
806 2294 1021 2369 stipendiarium
1060 2295 1182 2370 exigere,

636 2374 683 2429 sed
701 2374 899 2432 Britannorum
919 2374 1018 2430 horrea
1031 2373 1181 2432 claudere:

636 2452 763 2511 Britanni
781 2454 886 2512 clausis
905 2454 962 2512 suis
983 2454 1089 2512 horreis
1108 2455 1182 2511 adsi·

636 2533 710 2604 dere,
718 2548 747 2592 et
757 2536 825 2592 citm
835 2535 983 2592 frumentis
993 2535 1180 2606 abundarent,

635 2632 668 2670 en
692 2627 787 2672 namen
811 2614 887 2674 ultro
910 2616 1066 2692 grandique
1090 2617 1181 2694 pretio

635 2713 736 2754 emere.
777 2696 821 2753 En
847 2696 1017 2754 ludibrium.
1058 2697 1182 2755 Gravior

634 2775 732 2834 adbuc
751 2775 867 2852 injuria,
887 2777 966 2847 cum,
989 2778 1094 2854 apertis
1116 2778 1181 2836 hor·

634 2856 696 2926 reis,
733 2857 937 2934 persolutaque
966 2858 1116 2934 stipendio,
1150 2861 1180 2918 in

632 2936 758 2994 militum
783 2955 819 2996 ac
840 2937 967 3014 praesidis
991 2959 1059 3001 usus
1085 2941 1179 3016 exige·

632 3019 720 3075 batur
739 3019 924 3085 trumentum,
948 3020 1025 3094 quod
1050 3019 1178 3078 Britanni

631 3109 709 3154 certo
723 3099 849 3176 quodam
861 3118 895 3156 ac
906 3097 961 3156 levi
973 3098 1101 3175 pretias
1114 3120 1179 3177 pro-

631 3180 812 3242 curatoribus
853 3179 1073 3256 publicanisque
1106 3181 1180 3238 testi-

630 3270 717 3324 muto,
736 3261 855 3316 verrdcre
876 3263 1061 3334 cogebantur.
1103 3260 1178 3328 Quae

633 3339 745 3396 tandem
773 3339 950 3397 intoleranda
974 3351 1035 3396 erat
1060 3341 1179 3410 saevitia,

632 3419 813 3477 indicebatur
825 3419 998 3489 civitatibus,
1017 3433 1058 3490 ut,
1079 3438 1134 3477 nou
1148 3422 1177 3479 in

630 3499 682 3555 sibi
696 3502 839 3576 proxima,
852 3500 939 3557 sedin
956 3513 1065 3556 remota
1077 3510 1105 3558 et
1114 3503 1179 3563 avia

630 3579 758 3650 hiberna,
770 3599 822 3656 per
836 3579 962 3637 detortis
971 3581 1105 3638 itinerum
1117 3583 1178 3640 lon·

629 3679 723 3736 gaque
736 3659 883 3734 regionum
896 3661 1045 3718 intervalla
1055 3663 1179 3720 frumcn-

631 3751 693 3796 tum
704 3740 854 3798 deterrent.
895 3741 944 3800 Sic
955 3741 1033 3817 quod
1044 3745 1177 3801 omnibus

629 3819 659 3875 in
671 3832 787 3897 promtu
800 3833 870 3891 erat,
891 3823 993 3899 paucis
1014 3821 1177 3897 publicanis

629 3898 777 3959 lucrosum
791 3901 887 3960 fiebat.
929 3903 963 3959 In
977 3900 1011 3958 iis
1024 3915 1121 3962 autem
1136 3906 1178 3962 iu·

624 3980 770 4055 juniarum
806 3981 944 4054 versutiis,
978 4001 1035 4039 non
1061 3984 1178 4045 deerant

628 4062 706 4134 sane,
731 4062 782 4139 qui
803 4062 951 4121 ferociores
972 4063 1177 4125 Britannorum

628 4143 737 4200 animos
753 4143 837 4201 variis
854 4142 987 4201 ludibriis
1000 4145 1177 4222 assiduisque

628 4221 775 4281 laboribus
809 4223 965 4282 domandos
999 4226 1176 4301 jactitarent.

629 4301 718 4360 Victa
729 4303 810 4381 plebs
822 4323 933 4384 semper
950 4323 1009 4374 rea,
1022 4306 1090 4366 curn
1113 4325 1176 4384 prc-

628 4382 727 4443 mitur.
