2859 4950
221 302 278 367 160
566 304 602 363 C.
623 302 823 363 CORNELII
842 302 982 363 TACITI

275 470 331 535 15.
357 462 452 533 Tun
470 458 597 557 Aper.-
615 460 699 533 Non
716 456 854 548 desiniS,
870 458 1034 547 Messala,
1051 476 1167 532 vetera
1183 459 1315 533 tantdm
1329 478 1360 532 et

221 578 360 674 antiqua
375 574 503 665 mirari,
519 591 719 649 nostrorum
734 593 851 647 autem
866 592 1064 672 temporum
1086 576 1200 649 studia
1221 575 1362 648 inridere

222 711 326 791 atque
367 708 597 765 contemnere.
647 692 742 763 Nam
775 688 869 763 hunc
902 707 1002 763 tuum
1042 715 1240 764 sermonem
1278 716 1363 787 saepe

223 807 358 907 excepi,
387 808 472 881 cinn
502 806 628 879 oblitus
657 824 691 879 et
726 824 809 896 tuae,
838 823 872 879 et
888 804 1015 879 ¹fratris
1047 807 1119 879 tui¹
1152 807 1364 905 eloquentia,

224 924 398 1001 neminem
422 924 489 996 hoc
506 940 663 1019 tempore
688 939 861 995 oratorem
878 946 951 995 esse
967 922 1204 995 contenderes.
1253 928 1365 1019 Atque

225 1040 303 1115 ideo
326 1040 431 1113 credo
457 1036 636 1127 audacius,
665 1037 765 1133 quod
791 1036 931 1136 maligni
958 1036 995 1109 in
1018 1038 1059 1109 iis
1080 1038 1278 1135 opinionem
1301 1062 1365 1110 non

226 1154 411 1243 verebaris,
428 1154 513 1227 cum
530 1177 606 1225 earn
623 1152 783 1251 gloriam,
800 1178 905 1250 quam
924 1154 984 1227 tibi
1001 1154 1057 1226 alii
1078 1155 1286 1243 concedunt,
1302 1152 1366 1250 ipse
1406 1209 1407 1242 ,

226 1271 287 1343 tibi
304 1271 501 1368 denegares·
552 1271 679 1367 Neque
707 1269 810 1358 illius,
830 1271 952 1367 inquit,
978 1270 1146 1345 sermonis
1170 1270 1238 1343 inei
1266 1269 1368 1366 poeni-

227 1386 367 1459 tentiam
400 1410 480 1483 ago,
505 1409 620 1483 neque
651 1405 711 1458 aut
737 1389 952 1475 Secundum,
980 1404 1040 1459 aut
1070 1390 1284 1475 Maternum,
1317 1403 1370 1456 aut

227 1501 388 1597 teipsum,
407 1504 528 1597 ¹Aper,
554 1504 784 1600 (quamquam
807 1502 982 1574 interdurn
1007 1503 1043 1575 in
1072 1502 1283 1575 contrarimn
1312 1502 1371 1573 dis

229 1614 347 1716 putes)
360 1616 456 1689 aliter
472 1616 596 1689 sentire
613 1620 730 1691 credo·
773 1623 829 1691 Ac
847 1619 950 1691 velim
966 1620 1186 1716 impetratum
1203 1618 1247 1689 ab
1262 1616 1372 1713 aliquo

229 1732 400 1820 vestrim,
426 1749 464 1803 ut
489 1756 606 1807 causas
631 1734 734 1831 hujus
755 1734 1122 1831 inlinitae‘differentiae
1146 1749 1320 1805 scrutetur
1339 1756 1372 1803 ac

229 1848 365 1935 reddat,
392 1870 477 1943 quas
502 1871 641 1921 mecum
669 1848 743 1944 ipse
771 1850 977 1947 plerumque
1003 1848 1195 1946 conquiro:
1221 1865 1257 1920 et
1283 1847 1373 1944 quod

230 1961 436 2063 quibusdam
459 1962 583 2034 solutio
601 1979 665 2051 est,
682 1963 766 2034 mihi
791 1982 893 2062 auget
909 1966 1148 2060 questionem,
1175 1963 1256 2061 quia
1279 1965 1374 2035 video
1406 2005 1407 2042 l

230 2077 333 2150 etiam
352 2076 466 2149 Graiis
481 2076 653 2167 accidisse,
672 2098 709 2151 ut
726 2080 867 2179 longius
883 2081 968 2153 absit
986 2080 1152 2153 AEschine
1174 2098 1209 2152 et
1232 2080 1375 2151 Demos
1406 2123 1407 2126 =

231 2192 335 2265 thene
352 2194 519 2265 Sacerdos
538 2194 600 2267 iste
616 2195 782 2282 Nicetes‚²
799 2215 833 2269 et
857 2197 885 2269 si
911 2196 987 2295 quis
1011 2197 1096 2269 alius
1115 2196 1300 2292 ssphesum
1326 2192 1375 2265 rel

204 2306 437 2407 -Mitylenas³
471 2310 639 2383 contentis
672 2312 956 2385 scholasticorum
989 2311 1220 2384 clamoribus*
1260 2311 1377 2407 quatit,

231 2422 339 2523 quim
364 2422 466 2515 Afer,
489 2443 547 2497 aut
573 2424 785 2518 Africanus‚⁵
811 2444 870 2500 aut
890 2452 952 2501 vos
975 2427 1038 2524 ipsi
1065 2427 1086 2500 i
1115 2426 1299 2515 Cicerone,
1323 2443 1375 2498 aut
1407 2502 1409 2509 ,

233 2537 379 2614 Asinio⁶
395 2541 587 2617 recessistis.
1337 2542 1342 2548 ’

276 2739 286 2767 ¹
309 2741 423 2801 Fratris
448 2744 499 2800 tui.
521 2743 631 2819 nqoilii
659 2745 779 2818 lleoulh
835 2748 952 2804 Graecos
978 2742 1152 2821 eloquentiei,
1179 2757 1212 2803 nt
1243 2745 1376 2802 Sacerdos

235 2821 272 2878 de
285 2841 342 2897 quo
355 2843 442 2898 supin
457 2824 587 2880 llist.1v.
601 2831 649 2882 42.
691 2827 725 2881 lii
741 2829 782 2882 in·
839 2828 963 2895 Nicetes,
986 2827 1027 2882 sic
1052 2825 1154 2901 Ephesi
1176 2838 1207 2882 e't
1228 2825 1377 2902 Mitylena-

236 2919 337 2959 sanutn
372 2904 467 2978 potilio
501 2905 654 2974 ingenium,
693 2905 780 2981 quino
837 2927 900 2964 runi
920 2909 1051 2974 rhetores,
1072 2908 1214 2963 abstrusas
1231 2908 1377 2963 sententias

236 2981 409 3058 eloquentis,
431 2997 499 3040 teste
520 2983 623 3056 Plinio,
638 3005 658 3043 1.
681 2987 735 3064 lep.
754 2999 781 3045 α’.

236 3073 266 3120 et
282 3081 325 3119 iv.
341 3065 394 3139 Ep.
410 3069 437 3128 7.

278 3137 292 3166 ²
312 3143 449 3203 Sucerrlor
462 3145 513 3202 istc
531 3146 654 3203 Nicetes.
684 3146 784 3202 Sacer·

238 3225 289 3282 dos
303 3225 427 3294 Nicetes,
441 3229 603 3302 Smyrnaeus
615 3227 678 3294 luit,
689 3228 784 3284 clu-tur

237 3305 351 3375 nobilis,
376 3305 394 3362 ia
420 3317 512 3364 vetere
538 3308 650 3363 (licendi
683 3327 784 3376 acriore

237 3387 406 3455 elicuisset
429 3387 509 3463 quasi
535 3389 651 3444 numine
674 3387 782 3445 Bacchi

238 3479 331 3532 nctus,
352 3468 546 3543 dithyrunibos
563 3471 694 3536 canebat,
716 3481 785 3525 teste

240 3547 421 3608 Philostrato.
438 3548 463 3604 V
463 3550 496 3604 it.
510 3547 720 3624 Sophistfenp.
739 3556 784 3616 19.

236 3621 400 3698 'Triduum
411 3627 462 3706 νὴ
471 3633 516 3684 ul
527 3622 722 3707 driugapsso‘dnr·
737 3631 783 3691 τὸς

239 3698 262 3761 Y
275 3703 359 3768 linia
372 3699 436 3768 idcir<
450 3727 476 3762 rs
489 3709 534 3762 ml
547 3703 702 3786 πιςιδὲξους
720 3703 784 3764 ixdi-

238 3780 320 3842 dmr.
344 3785 424 3843 Licet
438 3787 455 3842 ri
469 3787 608 3860 discipulo
622 3809 674 3844 ιιοιι
690 3790 786 3845 ntrcliri

240 3867 420 3935 desideraret,
431 3879 461 3922 ut
472 3867 571 3922 scribit
580 3871 697 3936 Seitecn,
709 3875 785 3924 l'on·

240 3957 356 4002 troicis.
389 3965 432 4004 rs.
467 3953 515 4006 95.
553 3947 786 4024 licqueutnbotur

241 4037 345 4096 lairico,
359 4039 387 4083 et
409 4027 568 4084 ntulitoiuin
592 4029 717 4084 Plinium
737 4030 786 4084 lia·

242 4109 314 4174 buit,
331 4107 403 4164 Plin.
419 4127 462 4165 vi.
479 4110 531 4184 tzp.
548 4103 577 4163 o'.

281 4181 293 4216 ³
316 4187 452 4265 Ephesum
474 4189 519 4246 ecl
543 4187 709 4264 illilylenus.
742 4189 787 4245 De

243 4267 355 4346 Epheso
372 4269 480 4324 <lictum
504 4287 590 4344 snpra
613 4269 718 4325 ilnunl.
735 4287 786 4326 111.

241 4346 291 4406 61.
306 4349 342 4406 de
358 4349 512 4428 Mitylenis,
529 4349 632 4405 rlunnl.
651 4367 694 4406 rt.
710 4357 759 4408 18.

281 4426 460 4488 *Conlerrtir
483 4430 709 4488 scholasticorum
733 4432 789 4488 clo-

240 4510 371 4569 rnon'lrur.
413 4511 512 4581 Quod,
546 4510 682 4586 corrupti
707 4511 786 4588 opud

838 3003 865 3044 et
886 2988 944 3046 alti
956 2987 1084 3044 sonantia
1098 2988 1184 3042 rerba
1196 2989 1378 3062 nucupalnio·

838 3081 895 3125 tur.
938 3069 983 3125 De
996 3068 1183 3136 scholasticis,
1201 3069 1250 3123 ieu
1266 3067 1377 3122 rhetori·
1407 3055 1409 3154 l

841 3152 902 3217 bus,
917 3150 979 3205 side
992 3147 1064 3204 infra
1077 3167 1142 3223 cup.
1155 3153 1204 3214 99.
1407 3202 1409 3209 ,

879 3228 889 3261 ⁵
912 3229 994 3308 Aser,
1014 3236 1065 3284 out
1083 3228 1247 3292 Atricortur.
1269 3225 1378 3294 Quicni·

838 3309 940 3380 liunus,
956 3309 1054 3367 Iri-stit.
1071 3308 1152 3364 Oroi.
1170 3325 1230 3364 xit.
1249 3313 1295 3364 10.
1312 3308 1377 3364 eires

840 3391 982 3460 Africani,
1009 3389 1200 3445 rnnturitnlcm
1218 3389 1289 3466 Afri
1308 3406 1379 3442 coni·

839 3459 963 3529 niendat.
1006 3469 1140 3526 Pluribus
1153 3489 1199 3524 eos
1220 3468 1378 3525 laudalerst

839 3571 925 3626 supra
941 3551 1002 3607 Lib.
1014 3569 1045 3605 x.
1062 3559 1086 3606 1.
1109 3548 1222 3615 Eorum,
1235 3569 1301 3624 qnos
1312 3547 1378 3604 :icle-

840 3633 903 3702 rim,
915 3631 1057 3688 Domitios
1067 3630 1149 3706 Aser,
1161 3640 1188 3686 et
1199 3629 1296 3686 Julius
1306 3625 1377 3700 Afri·

839 3732 933 3780 corius,
948 3709 1029 3786 longi
1043 3709 1278 3784 praenuntii-rimi.
1317 3707 1377 3762 Per·

841 3795 934 3849 borum
968 3803 1030 3847 (erte
1062 3791 1118 3855 illc,
1147 3797 1174 3846 et
1201 3798 1262 3844 tolo
1285 3805 1378 3864 gerere

842 3873 951 3929 dicentii
970 3869 1169 3949 prqr'ircrrrlus,
1190 3891 1267 3952 quque
1289 3887 1315 3923 ru
1337 3886 1379 3921 nu·

842 3973 916 4008 rucro
937 3961 1058 4008 trtcrmn
1080 3953 1172 4008 locare
1193 3970 1246 4005 nort
1269 3948 1376 4005 limeris:

843 4031 887 4088 iic
900 4033 1076 4098 concitatior,
1091 4033 1140 4086 scd
1159 4031 1186 4086 in
1206 4030 1275 4086 curui
1296 4027 1379 4084 cerlo·

844 4133 904 4169 rum
921 4113 1028 4179 niurias,
1055 4121 1082 4167 cl
1108 4110 1299 4186 compositione
1321 4125 1379 4162 nor·

843 4212 986 4268 nnrrrquum
996 4193 1115 4268 longior,
1125 4199 1153 4246 ct
1162 4185 1379 4248 translationibus

841 4274 941 4348 potuim
956 4275 1086 4331 orodieus.

886 4348 1029 4411 ‘Arenio
1061 4353 1161 4409 Asinio
1190 4349 1326 4418 Pollione,
1348 4344 1377 4400 de

845 4453 904 4510 quo
917 4435 1027 4492 dictum
1040 4451 1129 4508 supro
1142 4453 1209 4508 cap.
1226 4438 1271 4489 19.
