<?xml version="1.0" encoding="UTF-8"?>
<!DOCTYPE html PUBLIC "-//W3C//DTD XHTML 1.0 Transitional//EN"
    "http://www.w3.org/TR/xhtml1/DTD/xhtml1-transitional.dtd">
<html xmlns="http://www.w3.org/1999/xhtml" xml:lang="en" lang="en">
 <head>
  <title>
</title>
<meta http-equiv="Content-Type" content="text/html;charset=utf-8" />
  <meta name='ocr-system' content='tesseract 3.04.00' />
  <meta name='ocr-capabilities' content='ocr_page ocr_carea ocr_par ocr_line ocrx_word'/>
</head>
<body>
  <div class='ocr_page' id='page_1' title='image "./ccorntacitioper01valpgoog_0581.png"; bbox 0 0 2859 4950; ppageno 0'>
   <div class='ocr_carea' id='block_1_1' title="bbox 228 282 1196 359">
    <p class='ocr_par' dir='ltr' id='par_1_1' title="bbox 228 282 1196 359">
     <span class='ocr_line' id='line_1_1' title="bbox 228 282 1196 359; baseline -0.004 -11"><span class='ocrx_word' id='word_1_1' title='bbox 228 288 288 349; x_wconf 81' lang='lat' dir='ltr'><strong>AD</strong></span> <span class='ocrx_word' id='word_1_2' title='bbox 309 284 384 347; x_wconf 81' lang='lat' dir='ltr'><strong>LlB·</strong></span> <span class='ocrx_word' id='word_1_3' title='bbox 408 285 465 347; x_wconf 85' lang='lat' dir='ltr'><strong>DE</strong></span> <span class='ocrx_word' id='word_1_4' title='bbox 486 282 674 345; x_wconf 77' lang='lat' dir='ltr'><strong>moninus</strong></span> <span class='ocrx_word' id='word_1_5' title='bbox 694 282 1014 347; x_wconf 83' lang='lat' dir='ltr'><strong>GERMANORUM.</strong></span> <span class='ocrx_word' id='word_1_6' title='bbox 1134 282 1196 359; x_wconf 67' lang='grc'><strong>661</strong></span> 
     </span>
    </p>
   </div>
   <div class='ocr_carea' id='block_1_2' title="bbox 37 436 1196 754">
    <p class='ocr_par' dir='ltr' id='par_1_2' title="bbox 37 436 1196 754">
     <span class='ocr_line' id='line_1_2' title="bbox 81 436 1196 530; baseline -0.002 -21"><span class='ocrx_word' id='word_1_7' title='bbox 81 442 165 530; x_wconf 79' lang='lat' dir='ltr'><strong>Leg.</strong></span> <span class='ocrx_word' id='word_1_8' title='bbox 179 451 214 511; x_wconf 84' lang='lat'><strong>4.</strong></span> <span class='ocrx_word' id='word_1_9' title='bbox 236 448 258 482; x_wconf 87' lang='lat'>“</span> <span class='ocrx_word' id='word_1_10' title='bbox 271 441 369 516; x_wconf 80' lang='lat' dir='ltr'><strong>Quod</strong></span> <span class='ocrx_word' id='word_1_11' title='bbox 396 439 422 507; x_wconf 87' lang='lat' dir='ltr'><strong>si</strong></span> <span class='ocrx_word' id='word_1_12' title='bbox 445 462 504 507; x_wconf 89' lang='lat' dir='ltr'><strong>nec</strong></span> <span class='ocrx_word' id='word_1_13' title='bbox 528 438 639 519; x_wconf 88' lang='lat' dir='ltr'><strong>filium,</strong></span> <span class='ocrx_word' id='word_1_14' title='bbox 659 460 719 504; x_wconf 86' lang='lat' dir='ltr'><strong>nec</strong></span> <span class='ocrx_word' id='word_1_15' title='bbox 747 436 861 520; x_wconf 83' lang='lat' dir='ltr'><strong>tiliam,</strong></span> <span class='ocrx_word' id='word_1_16' title='bbox 882 462 938 505; x_wconf 88' lang='lat' dir='ltr'><strong>nec</strong></span> <span class='ocrx_word' id='word_1_17' title='bbox 967 462 1113 522; x_wconf 86' lang='lat' dir='ltr'><strong>sororem,</strong></span> <span class='ocrx_word' id='word_1_18' title='bbox 1140 452 1196 507; x_wconf 80' lang='lat' dir='ltr'><strong>aut</strong></span> 
     </span>
     <span class='ocr_line' id='line_1_3' title="bbox 37 548 1196 654; baseline -0.006 -30"><span class='ocrx_word' id='word_1_19' title='bbox 37 571 172 625; x_wconf 86' lang='lat' dir='ltr'><strong>matrem</strong></span> <span class='ocrx_word' id='word_1_20' title='bbox 186 554 302 621; x_wconf 87' lang='lat' dir='ltr'><strong>dimisit</strong></span> <span class='ocrx_word' id='word_1_21' title='bbox 315 551 504 654; x_wconf 82' lang='lat' dir='ltr'><strong>superstites,</strong></span> <span class='ocrx_word' id='word_1_22' title='bbox 517 550 687 638; x_wconf 81' lang='lat' dir='ltr'><strong>proximus,</strong></span> <span class='ocrx_word' id='word_1_23' title='bbox 710 548 763 637; x_wconf 88' lang='lat' dir='ltr'><strong>qui</strong></span> <span class='ocrx_word' id='word_1_24' title='bbox 786 549 878 615; x_wconf 80' lang='lat' dir='ltr'><strong>fuerit</strong></span> <span class='ocrx_word' id='word_1_25' title='bbox 900 564 1032 637; x_wconf 84' lang='lat' dir='ltr'><strong>psternae</strong></span> <span class='ocrx_word' id='word_1_26' title='bbox 1048 552 1196 636; x_wconf 73' lang='lat' dir='ltr'><strong>generati-</strong></span> 
     </span>
     <span class='ocr_line' id='line_1_4' title="bbox 38 660 1195 754; baseline -0.004 -20"><span class='ocrx_word' id='word_1_27' title='bbox 38 669 116 749; x_wconf 89' lang='lat' dir='ltr'><strong>onis,</strong></span> <span class='ocrx_word' id='word_1_28' title='bbox 131 669 223 732; x_wconf 88' lang='lat' dir='ltr'><strong>heres</strong></span> <span class='ocrx_word' id='word_1_29' title='bbox 236 690 275 731; x_wconf 84' lang='lat' dir='ltr'><strong>ex</strong></span> <span class='ocrx_word' id='word_1_30' title='bbox 290 678 358 731; x_wconf 91' lang='lat' dir='ltr'><strong>toto</strong></span> <span class='ocrx_word' id='word_1_31' title='bbox 370 665 526 747; x_wconf 72' lang='lat' dir='ltr'>succedat,</span> <span class='ocrx_word' id='word_1_32' title='bbox 539 675 603 728; x_wconf 84' lang='lat' dir='ltr'><strong>tarn</strong></span> <span class='ocrx_word' id='word_1_33' title='bbox 617 662 649 727; x_wconf 91' lang='lat' dir='ltr'><strong>in</strong></span> <span class='ocrx_word' id='word_1_34' title='bbox 661 660 800 747; x_wconf 69' lang='lat' dir='ltr'><strong>pecunia</strong></span> <span class='ocrx_word' id='word_1_35' title='bbox 810 674 901 749; x_wconf 83' lang='lat' dir='ltr'><strong>utque</strong></span> <span class='ocrx_word' id='word_1_36' title='bbox 914 663 1085 750; x_wconf 79' lang='lat' dir='ltr'>mancipiis,</span> <span class='ocrx_word' id='word_1_37' title='bbox 1099 661 1195 754; x_wconf 67' lang='lat' dir='ltr'><strong>qudut</strong></span> 
     </span>
    </p>
   </div>
   <div class='ocr_carea' id='block_1_3' title="bbox 39 778 1193 975">
    <p class='ocr_par' dir='ltr' id='par_1_3' title="bbox 39 778 1193 975">
     <span class='ocr_line' id='line_1_5' title="bbox 41 778 201 844; baseline -0.013 0"><span class='ocrx_word' id='word_1_38' title='bbox 41 780 49 793; x_wconf 85' lang='lat'>&#39;</span> <span class='ocrx_word' id='word_1_39' title='bbox 98 778 201 844; x_wconf 66' lang='lat' dir='ltr'><strong>errdl’</strong></span> 
     </span>
     <span class='ocr_line' id='line_1_6' title="bbox 39 793 1193 975; baseline -0.004 -17"><span class='ocrx_word' id='word_1_40' title='bbox 39 803 69 845; x_wconf 82' lang='lat'><strong>¹¹¹</strong></span> <span class='ocrx_word' id='word_1_41' title='bbox 79 793 162 975; x_wconf 60' lang='lat' dir='ltr'><strong>lag.</strong></span> <span class='ocrx_word' id='word_1_42' title='bbox 177 894 211 955; x_wconf 84' lang='lat'><strong>5.</strong></span> <span class='ocrx_word' id='word_1_43' title='bbox 234 895 256 929; x_wconf 90' lang='lat'><strong><em>“</em></strong></span> <span class='ocrx_word' id='word_1_44' title='bbox 270 887 323 955; x_wconf 87' lang='lat' dir='ltr'><strong>Ad</strong></span> <span class='ocrx_word' id='word_1_45' title='bbox 343 908 571 975; x_wconf 87' lang='lat' dir='ltr'><strong>quemcumque</strong></span> <span class='ocrx_word' id='word_1_46' title='bbox 584 884 735 951; x_wconf 77' lang='lat' dir='ltr'><strong>hereditas</strong></span> <span class='ocrx_word' id='word_1_47' title='bbox 753 896 840 951; x_wconf 73' lang='lat' dir='ltr'><strong>terras</strong></span> <span class='ocrx_word' id='word_1_48' title='bbox 854 886 1034 972; x_wconf 87' lang='lat' dir='ltr'><strong>pervenerit,</strong></span> <span class='ocrx_word' id='word_1_49' title='bbox 1054 889 1092 954; x_wconf 86' lang='lat' dir='ltr'><strong>ad</strong></span> <span class='ocrx_word' id='word_1_50' title='bbox 1105 886 1193 961; x_wconf 83' lang='lat' dir='ltr'><strong>illum</strong></span> 
     </span>
    </p>
   </div>
   <div class='ocr_carea' id='block_1_4' title="bbox 33 991 1195 3094">
    <p class='ocr_par' dir='ltr' id='par_1_4' title="bbox 33 991 1195 1202">
     <span class='ocr_line' id='line_1_7' title="bbox 33 991 1195 1090; baseline -0.004 -22"><span class='ocrx_word' id='word_1_51' title='bbox 33 1001 128 1067; x_wconf 74' lang='lat' dir='ltr'><strong>vestis</strong></span> <span class='ocrx_word' id='word_1_52' title='bbox 151 1000 276 1082; x_wconf 84' lang='lat' dir='ltr'><strong>bellica,</strong></span> <span class='ocrx_word' id='word_1_53' title='bbox 296 1000 398 1078; x_wconf 89' lang='lat' dir='ltr'><strong>idest,</strong></span> <span class='ocrx_word' id='word_1_54' title='bbox 420 991 528 1077; x_wconf 88' lang='lat' dir='ltr'><strong>lorica,</strong></span> <span class='ocrx_word' id='word_1_55' title='bbox 550 1010 582 1062; x_wconf 88' lang='lat' dir='ltr'><strong>et</strong></span> <span class='ocrx_word' id='word_1_56' title='bbox 603 996 681 1063; x_wconf 89' lang='lat' dir='ltr'><strong>ultio</strong></span> <span class='ocrx_word' id='word_1_57' title='bbox 695 997 844 1090; x_wconf 79' lang='lat' dir='ltr'><strong>proximi,¹</strong></span> <span class='ocrx_word' id='word_1_58' title='bbox 852 1009 885 1062; x_wconf 91' lang='lat' dir='ltr'><strong>et</strong></span> <span class='ocrx_word' id='word_1_59' title='bbox 905 996 1017 1063; x_wconf 89' lang='lat' dir='ltr'><strong>solutio</strong></span> <span class='ocrx_word' id='word_1_60' title='bbox 1029 997 1128 1067; x_wconf 85' lang='lat' dir='ltr'><strong>leudis</strong></span> <span class='ocrx_word' id='word_1_61' title='bbox 1141 997 1195 1079; x_wconf 81' lang='lat' dir='ltr'><strong>(id</strong></span> 
     </span>
     <span class='ocr_line' id='line_1_8' title="bbox 33 1108 913 1202; baseline -0.009 -22"><span class='ocrx_word' id='word_1_62' title='bbox 33 1124 90 1196; x_wconf 81' lang='lat' dir='ltr'><strong>cst,</strong></span> <span class='ocrx_word' id='word_1_63' title='bbox 105 1112 346 1202; x_wconf 65' lang='lat' dir='ltr'><strong>compositionu,</strong></span> <span class='ocrx_word' id='word_1_64' title='bbox 357 1132 410 1177; x_wconf 80' lang='lat' dir='ltr'><strong>seu</strong></span> <span class='ocrx_word' id='word_1_65' title='bbox 427 1109 468 1175; x_wconf 88' lang='lat' dir='ltr'><em>W</em></span> <span class='ocrx_word' id='word_1_66' title='bbox 464 1110 595 1197; x_wconf 79' lang='lat' dir='ltr'><strong>eregildi</strong></span> <span class='ocrx_word' id='word_1_67' title='bbox 594 1121 612 1193; x_wconf 86' lang='lat'>)</span> <span class='ocrx_word' id='word_1_68' title='bbox 626 1111 719 1175; x_wconf 86' lang='lat' dir='ltr'><strong>debet</strong></span> <span class='ocrx_word' id='word_1_69' title='bbox 731 1108 913 1195; x_wconf 86' lang='lat' dir='ltr'><strong>pertinere.&#39;&#39;</strong></span> 
     </span>
    </p>

    <p class='ocr_par' dir='ltr' id='par_1_5' title="bbox 34 1220 1194 1627">
     <span class='ocr_line' id='line_1_9' title="bbox 79 1220 1193 1312; baseline -0.003 -20"><span class='ocrx_word' id='word_1_70' title='bbox 79 1225 161 1312; x_wconf 80' lang='grc' dir='ltr'><strong>Ικε.</strong></span> <span class='ocrx_word' id='word_1_71' title='bbox 192 1226 226 1292; x_wconf 92' lang='grc'><strong>6.</strong></span> <span class='ocrx_word' id='word_1_72' title='bbox 261 1231 283 1264; x_wconf 87' lang='lat'>“</span> <span class='ocrx_word' id='word_1_73' title='bbox 298 1223 404 1289; x_wconf 83' lang='lat' dir='ltr'><strong>Mater</strong></span> <span class='ocrx_word' id='word_1_74' title='bbox 431 1221 565 1287; x_wconf 83' lang='lat' dir='ltr'><strong>moriens</strong></span> <span class='ocrx_word' id='word_1_75' title='bbox 592 1220 659 1287; x_wconf 88' lang='lat' dir='ltr'><strong>filio</strong></span> <span class='ocrx_word' id='word_1_76' title='bbox 687 1234 810 1301; x_wconf 83' lang='lat' dir='ltr'><strong>terrum,</strong></span> <span class='ocrx_word' id='word_1_77' title='bbox 838 1220 1002 1306; x_wconf 87' lang='lat' dir='ltr'><strong>mancipis,</strong></span> <span class='ocrx_word' id='word_1_78' title='bbox 1028 1220 1193 1307; x_wconf 85' lang='lat' dir='ltr'><strong>pecuniam</strong></span> 
     </span>
     <span class='ocr_line' id='line_1_10' title="bbox 35 1316 1194 1421; baseline -0.005 -18"><span class='ocrx_word' id='word_1_79' title='bbox 35 1337 183 1419; x_wconf 80' lang='lat' dir='ltr'><strong>dimittat,</strong></span> <span class='ocrx_word' id='word_1_80' title='bbox 196 1336 269 1401; x_wconf 70' lang='lat' dir='ltr'><strong>filie</strong></span> <span class='ocrx_word' id='word_1_81' title='bbox 283 1335 356 1401; x_wconf 84' lang='lat' dir='ltr'><strong>verd</strong></span> <span class='ocrx_word' id='word_1_82' title='bbox 368 1334 469 1421; x_wconf 85' lang='lat' dir='ltr'><strong>spolia</strong></span> <span class='ocrx_word' id='word_1_83' title='bbox 477 1332 562 1415; x_wconf 84' lang='lat' dir='ltr'><strong>colli,</strong></span> <span class='ocrx_word' id='word_1_84' title='bbox 576 1331 608 1397; x_wconf 91' lang='lat' dir='ltr'><strong>id</strong></span> <span class='ocrx_word' id='word_1_85' title='bbox 618 1346 676 1414; x_wconf 88' lang='lat' dir='ltr'><strong>est,</strong></span> <span class='ocrx_word' id='word_1_86' title='bbox 688 1356 840 1411; x_wconf 87' lang='lat' dir='ltr'><strong>murenas,</strong></span> <span class='ocrx_word' id='word_1_87' title='bbox 851 1354 960 1397; x_wconf 85' lang='lat' dir='ltr'><strong>nuscss</strong></span> <span class='ocrx_word' id='word_1_88' title='bbox 970 1316 1194 1416; x_wconf 76' lang='lat' dir='ltr'><strong>(sehfibnlos),</strong></span> 
     </span>
     <span class='ocr_line' id='line_1_11' title="bbox 36 1442 1194 1532; baseline -0.003 -19"><span class='ocrx_word' id='word_1_89' title='bbox 36 1447 175 1531; x_wconf 87' lang='lat' dir='ltr'><strong>monilia,</strong></span> <span class='ocrx_word' id='word_1_90' title='bbox 198 1449 332 1525; x_wconf 83' lang='lat' dir='ltr'><strong>inaures,</strong></span> <span class='ocrx_word' id='word_1_91' title='bbox 353 1459 462 1527; x_wconf 84' lang='lat' dir='ltr'><strong>vestes,</strong></span> <span class='ocrx_word' id='word_1_92' title='bbox 484 1443 630 1525; x_wconf 78' lang='lat' dir='ltr'>armillas,</span> <span class='ocrx_word' id='word_1_93' title='bbox 652 1444 702 1511; x_wconf 85' lang='lat' dir='ltr'><strong>sel</strong></span> <span class='ocrx_word' id='word_1_94' title='bbox 723 1442 872 1532; x_wconf 87' lang='lat' dir='ltr'><strong>quidquid</strong></span> <span class='ocrx_word' id='word_1_95' title='bbox 886 1443 1054 1508; x_wconf 81' lang='lat' dir='ltr'><strong>ornamenti</strong></span> <span class='ocrx_word' id='word_1_96' title='bbox 1074 1443 1194 1530; x_wconf 85' lang='lat' dir='ltr'><strong>proprii</strong></span> 
     </span>
     <span class='ocr_line' id='line_1_12' title="bbox 34 1556 385 1627; baseline -0.011 0"><span class='ocrx_word' id='word_1_97' title='bbox 34 1562 198 1627; x_wconf 76' lang='lat' dir='ltr'><strong>ridebatur</strong></span> <span class='ocrx_word' id='word_1_98' title='bbox 210 1556 385 1625; x_wconf 85' lang='lat' dir='ltr'><strong>habuisse.’&#39;</strong></span> 
     </span>
    </p>

    <p class='ocr_par' dir='ltr' id='par_1_6' title="bbox 36 1666 1194 1980">
     <span class='ocr_line' id='line_1_13' title="bbox 79 1666 1194 1758; baseline 0.001 -22"><span class='ocrx_word' id='word_1_99' title='bbox 79 1671 160 1758; x_wconf 77' lang='grc' dir='ltr'><strong>Ικε.</strong></span> <span class='ocrx_word' id='word_1_100' title='bbox 175 1681 209 1744; x_wconf 90' lang='grc'><strong>7.</strong></span> <span class='ocrx_word' id='word_1_101' title='bbox 231 1674 253 1709; x_wconf 85' lang='lat'>“</span> <span class='ocrx_word' id='word_1_102' title='bbox 269 1668 304 1735; x_wconf 87' lang='lat' dir='ltr'><strong>Si</strong></span> <span class='ocrx_word' id='word_1_103' title='bbox 317 1692 375 1735; x_wconf 86' lang='lat' dir='ltr'><strong>nec</strong></span> <span class='ocrx_word' id='word_1_104' title='bbox 388 1666 500 1748; x_wconf 85' lang='lat' dir='ltr'><strong>tilium,</strong></span> <span class='ocrx_word' id='word_1_105' title='bbox 513 1688 570 1732; x_wconf 79' lang='lat' dir='ltr'><strong>nec</strong></span> <span class='ocrx_word' id='word_1_106' title='bbox 583 1667 679 1732; x_wconf 88' lang='lat' dir='ltr'><strong>filiam</strong></span> <span class='ocrx_word' id='word_1_107' title='bbox 693 1666 846 1749; x_wconf 85' lang='lat' dir='ltr'><strong>habuerit,</strong></span> <span class='ocrx_word' id='word_1_108' title='bbox 860 1690 999 1734; x_wconf 86' lang='lat' dir='ltr'><strong>sororem</strong></span> <span class='ocrx_word' id='word_1_109' title='bbox 1013 1667 1085 1735; x_wconf 74' lang='lat' dir='ltr'><strong>terh</strong></span> <span class='ocrx_word' id='word_1_110' title='bbox 1095 1668 1194 1737; x_wconf 81' lang='lat' dir='ltr'><strong>habu·</strong></span> 
     </span>
     <span class='ocr_line' id='line_1_14' title="bbox 36 1774 1191 1867; baseline 0 -20"><span class='ocrx_word' id='word_1_111' title='bbox 36 1781 101 1864; x_wconf 90' lang='lat' dir='ltr'><strong>erit,</strong></span> <span class='ocrx_word' id='word_1_112' title='bbox 123 1782 226 1849; x_wconf 91' lang='lat' dir='ltr'><strong>sorori</strong></span> <span class='ocrx_word' id='word_1_113' title='bbox 248 1774 411 1867; x_wconf 84' lang='lat' dir='ltr'><strong>pecuniam</strong></span> <span class='ocrx_word' id='word_1_114' title='bbox 432 1791 465 1845; x_wconf 91' lang='lat' dir='ltr'><strong>et</strong></span> <span class='ocrx_word' id='word_1_115' title='bbox 485 1778 650 1865; x_wconf 82' lang='lat' dir='ltr'><strong>mancipis,</strong></span> <span class='ocrx_word' id='word_1_116' title='bbox 672 1779 817 1865; x_wconf 81' lang='lat' dir='ltr'><strong>proximo</strong></span> <span class='ocrx_word' id='word_1_117' title='bbox 839 1780 911 1845; x_wconf 80' lang='lat' dir='ltr'><strong>verd</strong></span> <span class='ocrx_word' id='word_1_118' title='bbox 932 1780 1051 1865; x_wconf 83' lang='lat' dir='ltr'><strong>paterni</strong></span> <span class='ocrx_word' id='word_1_119' title='bbox 1072 1780 1191 1863; x_wconf 75' lang='lat' dir='ltr'><strong>generis</strong></span> 
     </span>
     <span class='ocr_line' id='line_1_15' title="bbox 36 1877 343 1980; baseline 0.013 -23"><span class='ocrx_word' id='word_1_120' title='bbox 36 1877 145 1959; x_wconf 70' lang='lat' dir='ltr'><strong>terrum</strong></span> <span class='ocrx_word' id='word_1_121' title='bbox 159 1890 343 1980; x_wconf 82' lang='lat' dir='ltr'><strong>relinquat-&#39;²</strong></span> 
     </span>
    </p>

    <p class='ocr_par' dir='ltr' id='par_1_7' title="bbox 36 2002 1191 2439">
     <span class='ocr_line' id='line_1_16' title="bbox 78 2002 1190 2090; baseline 0 -19"><span class='ocrx_word' id='word_1_122' title='bbox 78 2004 157 2090; x_wconf 76' lang='lat' dir='ltr'><strong>leg.</strong></span> <span class='ocrx_word' id='word_1_123' title='bbox 181 2013 214 2071; x_wconf 84' lang='lat'><strong>8.</strong></span> <span class='ocrx_word' id='word_1_124' title='bbox 237 2002 383 2090; x_wconf 88' lang='lat' dir='ltr'><strong>“Usque</strong></span> <span class='ocrx_word' id='word_1_125' title='bbox 407 2004 445 2068; x_wconf 85' lang='lat' dir='ltr'><strong>sd</strong></span> <span class='ocrx_word' id='word_1_126' title='bbox 471 2002 609 2089; x_wconf 77' lang='lat' dir='ltr'><strong>quintam</strong></span> <span class='ocrx_word' id='word_1_127' title='bbox 634 2002 863 2088; x_wconf 78' lang='lat' dir='ltr'><strong>generationem</strong></span> <span class='ocrx_word' id='word_1_128' title='bbox 886 2015 1011 2087; x_wconf 80' lang='lat' dir='ltr'><strong>paterna</strong></span> <span class='ocrx_word' id='word_1_129' title='bbox 1033 2003 1190 2088; x_wconf 82' lang='lat' dir='ltr'><strong>generatio</strong></span> 
     </span>
     <span class='ocr_line' id='line_1_17' title="bbox 36 2112 1191 2202; baseline 0.001 -22"><span class='ocrx_word' id='word_1_130' title='bbox 36 2119 189 2181; x_wconf 82' lang='lat' dir='ltr'><strong>succedat.</strong></span> <span class='ocrx_word' id='word_1_131' title='bbox 235 2116 317 2181; x_wconf 89' lang='lat' dir='ltr'><strong>Post</strong></span> <span class='ocrx_word' id='word_1_132' title='bbox 337 2114 476 2202; x_wconf 75' lang='lat' dir='ltr'><strong>quintam</strong></span> <span class='ocrx_word' id='word_1_133' title='bbox 496 2125 600 2178; x_wconf 81' lang='lat' dir='ltr'><strong>autem</strong></span> <span class='ocrx_word' id='word_1_134' title='bbox 621 2114 686 2179; x_wconf 87' lang='lat' dir='ltr'><strong>filia</strong></span> <span class='ocrx_word' id='word_1_135' title='bbox 706 2138 746 2181; x_wconf 84' lang='lat' dir='ltr'><strong>ex</strong></span> <span class='ocrx_word' id='word_1_136' title='bbox 769 2126 846 2189; x_wconf 88' lang='lat' dir='ltr'><strong>toto,</strong></span> <span class='ocrx_word' id='word_1_137' title='bbox 867 2112 930 2179; x_wconf 87' lang='lat' dir='ltr'><strong>sive</strong></span> <span class='ocrx_word' id='word_1_138' title='bbox 953 2115 991 2179; x_wconf 88' lang='lat' dir='ltr'><strong>de</strong></span> <span class='ocrx_word' id='word_1_139' title='bbox 1010 2115 1106 2199; x_wconf 81' lang='lat' dir='ltr'><strong>petris</strong></span> <span class='ocrx_word' id='word_1_140' title='bbox 1127 2116 1191 2181; x_wconf 88' lang='lat' dir='ltr'><strong>sive</strong></span> 
     </span>
     <span class='ocr_line' id='line_1_18' title="bbox 36 2225 1191 2314; baseline 0.002 -23"><span class='ocrx_word' id='word_1_141' title='bbox 36 2228 139 2293; x_wconf 88' lang='lat' dir='ltr'><strong>matris</strong></span> <span class='ocrx_word' id='word_1_142' title='bbox 152 2240 254 2314; x_wconf 88' lang='lat' dir='ltr'><strong>parte,</strong></span> <span class='ocrx_word' id='word_1_143' title='bbox 269 2226 301 2291; x_wconf 91' lang='lat' dir='ltr'><strong>in</strong></span> <span class='ocrx_word' id='word_1_144' title='bbox 313 2225 514 2291; x_wconf 79' lang='lat' dir='ltr'><strong>hereditatem</strong></span> <span class='ocrx_word' id='word_1_145' title='bbox 528 2227 685 2304; x_wconf 85' lang='lat' dir='ltr'><strong>succedat,</strong></span> <span class='ocrx_word' id='word_1_146' title='bbox 699 2240 731 2291; x_wconf 88' lang='lat' dir='ltr'><strong>et</strong></span> <span class='ocrx_word' id='word_1_147' title='bbox 752 2241 827 2311; x_wconf 72' lang='lat' dir='ltr'><strong>tunc</strong></span> <span class='ocrx_word' id='word_1_148' title='bbox 841 2228 966 2291; x_wconf 86' lang='lat' dir='ltr'><strong>demum</strong></span> <span class='ocrx_word' id='word_1_149' title='bbox 986 2226 1136 2291; x_wconf 81' lang='lat' dir='ltr'><strong>hereditas</strong></span> <span class='ocrx_word' id='word_1_150' title='bbox 1150 2228 1191 2293; x_wconf 87' lang='lat' dir='ltr'><strong>sd</strong></span> 
     </span>
     <span class='ocr_line' id='line_1_19' title="bbox 36 2338 809 2439; baseline 0 -36"><span class='ocrx_word' id='word_1_151' title='bbox 36 2340 134 2405; x_wconf 81' lang='lat' dir='ltr'><strong>fusum</strong></span> <span class='ocrx_word' id='word_1_152' title='bbox 146 2339 168 2420; x_wconf 83' lang='lat' dir='ltr'><strong>d</strong></span> <span class='ocrx_word' id='word_1_153' title='bbox 184 2339 296 2409; x_wconf 75' lang='lat' dir='ltr'><strong>lunced</strong></span> <span class='ocrx_word' id='word_1_154' title='bbox 310 2338 472 2403; x_wconf 58' lang='lat' dir='ltr'><strong>mussat?</strong></span> <span class='ocrx_word' id='word_1_155' title='bbox 805 2422 809 2439; x_wconf 37' lang='grc' dir='ltr'>Ι</span> 
     </span>
    </p>

    <p class='ocr_par' dir='ltr' id='par_1_8' title="bbox 33 2449 1190 3094">
     <span class='ocr_line' id='line_1_20' title="bbox 76 2449 1190 2539; baseline 0.002 -23"><span class='ocrx_word' id='word_1_156' title='bbox 76 2452 224 2518; x_wconf 85' lang='lat' dir='ltr'><strong>Veterem</strong></span> <span class='ocrx_word' id='word_1_157' title='bbox 239 2451 467 2517; x_wconf 88' lang='lat' dir='ltr'><strong>Germanorum</strong></span> <span class='ocrx_word' id='word_1_158' title='bbox 490 2473 581 2516; x_wconf 88' lang='lat' dir='ltr'><strong>usum</strong></span> <span class='ocrx_word' id='word_1_159' title='bbox 601 2463 756 2516; x_wconf 79' lang='lat' dir='ltr'><strong>mutavere</strong></span> <span class='ocrx_word' id='word_1_160' title='bbox 780 2449 1027 2536; x_wconf 82' lang='lat' dir='ltr'><strong>Burgundiones,</strong></span> <span class='ocrx_word' id='word_1_161' title='bbox 1050 2464 1085 2517; x_wconf 92' lang='lat' dir='ltr'><strong>ut</strong></span> <span class='ocrx_word' id='word_1_162' title='bbox 1103 2462 1190 2539; x_wconf 86' lang='lat' dir='ltr'><strong>patet</strong></span> 
     </span>
     <span class='ocr_line' id='line_1_21' title="bbox 36 2561 1189 2648; baseline 0.003 -22"><span class='ocrx_word' id='word_1_163' title='bbox 36 2586 71 2626; x_wconf 83' lang='lat' dir='ltr'><strong>ex</strong></span> <span class='ocrx_word' id='word_1_164' title='bbox 84 2587 194 2630; x_wconf 91' lang='lat' dir='ltr'><strong>eorum</strong></span> <span class='ocrx_word' id='word_1_165' title='bbox 215 2563 310 2648; x_wconf 83' lang='lat' dir='ltr'><strong>Lege,</strong></span> <span class='ocrx_word' id='word_1_166' title='bbox 329 2561 396 2627; x_wconf 77' lang='lat' dir='ltr'><strong>&#39;lit</strong></span> <span class='ocrx_word' id='word_1_167' title='bbox 413 2584 491 2627; x_wconf 79' lang='lat' dir='ltr'><strong>xiv.</strong></span> <span class='ocrx_word' id='word_1_168' title='bbox 506 2564 582 2626; x_wconf 86' lang='lat' dir='ltr'><strong>“de</strong></span> <span class='ocrx_word' id='word_1_169' title='bbox 597 2563 882 2630; x_wconf 57' lang='lat' dir='ltr'><strong>successionibus?</strong></span> <span class='ocrx_word' id='word_1_170' title='bbox 920 2561 998 2647; x_wconf 86' lang='lat' dir='ltr'><strong>Leg.</strong></span> <span class='ocrx_word' id='word_1_171' title='bbox 1019 2572 1045 2630; x_wconf 91' lang='lat' dir='ltr'><strong>l.</strong></span> <span class='ocrx_word' id='word_1_172' title='bbox 1068 2569 1089 2602; x_wconf 87' lang='lat'>“</span> <span class='ocrx_word' id='word_1_173' title='bbox 1102 2563 1189 2630; x_wconf 88' lang='lat' dir='ltr'><strong>Inter</strong></span> 
     </span>
     <span class='ocr_line' id='line_1_22' title="bbox 35 2672 1188 2762; baseline 0.002 -24"><span class='ocrx_word' id='word_1_174' title='bbox 35 2673 273 2762; x_wconf 77' lang='lat' dir='ltr'><strong>Burgundiones</strong></span> <span class='ocrx_word' id='word_1_175' title='bbox 286 2674 319 2739; x_wconf 87' lang='lat' dir='ltr'><strong>id</strong></span> <span class='ocrx_word' id='word_1_176' title='bbox 333 2673 475 2740; x_wconf 86' lang='lat' dir='ltr'><strong>volumus</strong></span> <span class='ocrx_word' id='word_1_177' title='bbox 489 2672 647 2755; x_wconf 89' lang='lat' dir='ltr'><strong>custodiri,</strong></span> <span class='ocrx_word' id='word_1_178' title='bbox 661 2687 696 2740; x_wconf 92' lang='lat' dir='ltr'><strong>ut</strong></span> <span class='ocrx_word' id='word_1_179' title='bbox 709 2675 736 2740; x_wconf 90' lang='lat' dir='ltr'><strong>si</strong></span> <span class='ocrx_word' id='word_1_180' title='bbox 751 2673 819 2760; x_wconf 91' lang='lat' dir='ltr'><strong>quis</strong></span> <span class='ocrx_word' id='word_1_181' title='bbox 833 2673 932 2738; x_wconf 83' lang='lat' dir='ltr'><strong>filiuni</strong></span> <span class='ocrx_word' id='word_1_182' title='bbox 948 2697 1010 2739; x_wconf 91' lang='lat' dir='ltr'><strong>uon</strong></span> <span class='ocrx_word' id='word_1_183' title='bbox 1020 2673 1188 2762; x_wconf 82' lang='lat' dir='ltr'><strong>reliquerit,</strong></span> 
     </span>
     <span class='ocr_line' id='line_1_23' title="bbox 34 2765 1188 2886; baseline 0.004 -38"><span class='ocrx_word' id='word_1_184' title='bbox 34 2783 64 2849; x_wconf 87' lang='lat' dir='ltr'><strong>in</strong></span> <span class='ocrx_word' id='word_1_185' title='bbox 83 2785 157 2853; x_wconf 90' lang='lat' dir='ltr'><strong>loco</strong></span> <span class='ocrx_word' id='word_1_186' title='bbox 178 2785 241 2852; x_wconf 87' lang='lat' dir='ltr'><strong>tilii</strong></span> <span class='ocrx_word' id='word_1_187' title='bbox 262 2783 327 2850; x_wconf 85' lang='lat' dir='ltr'><strong>filiu</strong></span> <span class='ocrx_word' id='word_1_188' title='bbox 348 2785 379 2849; x_wconf 89' lang='lat' dir='ltr'><strong>iu</strong></span> <span class='ocrx_word' id='word_1_189' title='bbox 401 2765 497 2869; x_wconf 83' lang='lat' dir='ltr'><strong>patris</strong></span> <span class='ocrx_word' id='word_1_190' title='bbox 520 2782 687 2870; x_wconf 86' lang='lat' dir='ltr'><strong>matrisque</strong></span> <span class='ocrx_word' id='word_1_191' title='bbox 708 2785 876 2886; x_wconf 81' lang='lat' dir='ltr'><strong>hqreditste</strong></span> <span class='ocrx_word' id='word_1_192' title='bbox 897 2784 1070 2850; x_wconf 68' lang='lat' dir='ltr'><strong>succedat?2</strong></span> <span class='ocrx_word' id='word_1_193' title='bbox 1115 2785 1188 2853; x_wconf 86' lang='lat' dir='ltr'><strong>Nec</strong></span> 
     </span>
     <span class='ocr_line' id='line_1_24' title="bbox 33 2893 1189 2982; baseline 0.004 -23"><span class='ocrx_word' id='word_1_194' title='bbox 33 2894 115 2962; x_wconf 81' lang='lat' dir='ltr'><strong>aliter</strong></span> <span class='ocrx_word' id='word_1_195' title='bbox 124 2897 193 2963; x_wconf 74' lang='lat' dir='ltr'><strong>Len</strong></span> <span class='ocrx_word' id='word_1_196' title='bbox 211 2898 382 2976; x_wconf 80' lang='lat' dir='ltr'><strong>Saxonum,</strong></span> <span class='ocrx_word' id='word_1_197' title='bbox 392 2895 458 2960; x_wconf 78' lang='lat' dir='ltr'><strong>&#39;lit</strong></span> <span class='ocrx_word' id='word_1_198' title='bbox 471 2916 536 2958; x_wconf 84' lang='lat' dir='ltr'><strong>vn.</strong></span> <span class='ocrx_word' id='word_1_199' title='bbox 552 2896 624 2959; x_wconf 87' lang='lat' dir='ltr'><strong>“de</strong></span> <span class='ocrx_word' id='word_1_200' title='bbox 636 2893 846 2962; x_wconf 85' lang='lat' dir='ltr'><strong>Heredibus.’&#39;</strong></span> <span class='ocrx_word' id='word_1_201' title='bbox 858 2895 937 2982; x_wconf 84' lang='lat' dir='ltr'><strong>Leg.</strong></span> <span class='ocrx_word' id='word_1_202' title='bbox 953 2907 980 2960; x_wconf 93' lang='lat'><strong>1.</strong></span> <span class='ocrx_word' id='word_1_203' title='bbox 995 2903 1016 2934; x_wconf 82' lang='lat'><strong>‘⁴</strong></span> <span class='ocrx_word' id='word_1_204' title='bbox 1025 2896 1120 2964; x_wconf 79' lang='lat' dir='ltr'><strong>Pater</strong></span> <span class='ocrx_word' id='word_1_205' title='bbox 1133 2909 1189 2964; x_wconf 82' lang='lat' dir='ltr'><strong>aut</strong></span> 
     </span>
     <span class='ocr_line' id='line_1_25' title="bbox 35 3005 1185 3094; baseline 0 -21"><span class='ocrx_word' id='word_1_206' title='bbox 35 3022 128 3074; x_wconf 85' lang='lat' dir='ltr'><strong>mater</strong></span> <span class='ocrx_word' id='word_1_207' title='bbox 149 3007 292 3074; x_wconf 78' lang='lat' dir='ltr'><strong>defuncti</strong></span> <span class='ocrx_word' id='word_1_208' title='bbox 315 3007 382 3073; x_wconf 88' lang='lat' dir='ltr'><strong>filio</strong></span> <span class='ocrx_word' id='word_1_209' title='bbox 403 3029 466 3071; x_wconf 92' lang='lat' dir='ltr'><strong>non</strong></span> <span class='ocrx_word' id='word_1_210' title='bbox 489 3005 562 3070; x_wconf 79' lang='lat' dir='ltr'><strong>tiliae</strong></span> <span class='ocrx_word' id='word_1_211' title='bbox 591 3007 792 3073; x_wconf 75' lang='lat' dir='ltr'><strong>hereditatem</strong></span> <span class='ocrx_word' id='word_1_212' title='bbox 815 3008 1016 3094; x_wconf 81' lang='lat' dir='ltr'><strong>relinquant.”</strong></span> <span class='ocrx_word' id='word_1_213' title='bbox 1060 3009 1139 3094; x_wconf 83' lang='lat' dir='ltr'><strong>Leg.</strong></span> <span class='ocrx_word' id='word_1_214' title='bbox 1154 3018 1185 3077; x_wconf 82' lang='lat'><strong>4.</strong></span> 
     </span>
    </p>
   </div>
   <div class='ocr_carea' id='block_1_5' title="bbox 36 3116 1324 3206">
    <p class='ocr_par' dir='ltr' id='par_1_9' title="bbox 36 3116 1324 3206">
     <span class='ocr_line' id='line_1_26' title="bbox 36 3116 1324 3206; baseline -0.004 -18"><span class='ocrx_word' id='word_1_215' title='bbox 36 3125 54 3156; x_wconf 88' lang='lat'><strong>“</strong></span> <span class='ocrx_word' id='word_1_216' title='bbox 76 3120 141 3194; x_wconf 85' lang='lat' dir='ltr'><strong>Qui</strong></span> <span class='ocrx_word' id='word_1_217' title='bbox 155 3123 319 3185; x_wconf 78' lang='lat' dir='ltr'><strong>defunctus</strong></span> <span class='ocrx_word' id='word_1_218' title='bbox 332 3141 395 3182; x_wconf 91' lang='lat' dir='ltr'><strong>non</strong></span> <span class='ocrx_word' id='word_1_219' title='bbox 408 3116 501 3197; x_wconf 83' lang='lat' dir='ltr'><strong>filios,</strong></span> <span class='ocrx_word' id='word_1_220' title='bbox 516 3119 569 3182; x_wconf 85' lang='lat' dir='ltr'><strong>sed</strong></span> <span class='ocrx_word' id='word_1_221' title='bbox 582 3117 663 3184; x_wconf 82' lang='lat' dir='ltr'><strong>filins</strong></span> <span class='ocrx_word' id='word_1_222' title='bbox 676 3119 842 3206; x_wconf 88' lang='lat' dir='ltr'><strong>reliquerit,</strong></span> <span class='ocrx_word' id='word_1_223' title='bbox 865 3121 904 3184; x_wconf 82' lang='lat' dir='ltr'><strong>ed</strong></span> <span class='ocrx_word' id='word_1_224' title='bbox 922 3141 973 3182; x_wconf 84' lang='lat' dir='ltr'><strong>eus</strong></span> <span class='ocrx_word' id='word_1_225' title='bbox 988 3119 1087 3184; x_wconf 86' lang='lat' dir='ltr'><strong>omnis</strong></span> <span class='ocrx_word' id='word_1_226' title='bbox 1101 3121 1187 3186; x_wconf 85' lang='lat' dir='ltr'><strong>here-</strong></span> <span class='ocrx_word' id='word_1_227' title='bbox 1321 3147 1324 3152; x_wconf 94' lang='lat'>·</span> 
     </span>
    </p>
   </div>
   <div class='ocr_carea' id='block_1_6' title="bbox 32 3229 1186 4320">
    <p class='ocr_par' dir='ltr' id='par_1_10' title="bbox 35 3229 1186 3427">
     <span class='ocr_line' id='line_1_27' title="bbox 36 3229 1186 3318; baseline 0.002 -24"><span class='ocrx_word' id='word_1_228' title='bbox 36 3229 107 3296; x_wconf 78' lang='lat' dir='ltr'><strong>dites</strong></span> <span class='ocrx_word' id='word_1_229' title='bbox 121 3233 290 3318; x_wconf 84' lang='lat' dir='ltr'><strong>pertinest;</strong></span> <span class='ocrx_word' id='word_1_230' title='bbox 303 3229 398 3294; x_wconf 84' lang='lat' dir='ltr'><strong>tutela</strong></span> <span class='ocrx_word' id='word_1_231' title='bbox 411 3230 484 3294; x_wconf 75' lang='lat' dir='ltr'><strong>terh</strong></span> <span class='ocrx_word' id='word_1_232' title='bbox 497 3252 603 3294; x_wconf 85' lang='lat' dir='ltr'><strong>earum</strong></span> <span class='ocrx_word' id='word_1_233' title='bbox 616 3230 700 3296; x_wconf 85' lang='lat' dir='ltr'><strong>fratri</strong></span> <span class='ocrx_word' id='word_1_234' title='bbox 716 3230 762 3297; x_wconf 92' lang='lat' dir='ltr'><strong>vel</strong></span> <span class='ocrx_word' id='word_1_235' title='bbox 777 3230 920 3316; x_wconf 87' lang='lat' dir='ltr'><strong>proximo</strong></span> <span class='ocrx_word' id='word_1_236' title='bbox 935 3230 1055 3316; x_wconf 82' lang='lat' dir='ltr'><strong>paterni</strong></span> <span class='ocrx_word' id='word_1_237' title='bbox 1068 3231 1186 3314; x_wconf 84' lang='lat' dir='ltr'><strong>generis</strong></span> 
     </span>
     <span class='ocr_line' id='line_1_28' title="bbox 35 3342 323 3427; baseline 0.014 -22"><span class='ocrx_word' id='word_1_238' title='bbox 35 3342 224 3427; x_wconf 86' lang='lat' dir='ltr'><strong>deputetur.’&#39;</strong></span> <span class='ocrx_word' id='word_1_239' title='bbox 320 3357 323 3362; x_wconf 82' lang='lat'>&#39;</span> 
     </span>
    </p>

    <p class='ocr_par' dir='ltr' id='par_1_11' title="bbox 32 3453 1184 4206">
     <span class='ocr_line' id='line_1_29' title="bbox 76 3453 1184 3548; baseline 0.002 -30"><span class='ocrx_word' id='word_1_240' title='bbox 76 3453 165 3520; x_wconf 89' lang='lat' dir='ltr'><strong>Nihil</strong></span> <span class='ocrx_word' id='word_1_241' title='bbox 181 3455 254 3520; x_wconf 85' lang='lat' dir='ltr'><strong>verh</strong></span> <span class='ocrx_word' id='word_1_242' title='bbox 270 3454 380 3519; x_wconf 85' lang='lat' dir='ltr'><strong>veteris</strong></span> <span class='ocrx_word' id='word_1_243' title='bbox 403 3453 497 3518; x_wconf 90' lang='lat' dir='ltr'><strong>moris</strong></span> <span class='ocrx_word' id='word_1_244' title='bbox 518 3453 630 3518; x_wconf 87' lang='lat' dir='ltr'><strong>mansit</strong></span> <span class='ocrx_word' id='word_1_245' title='bbox 651 3455 736 3539; x_wconf 84' lang='lat' dir='ltr'><strong>apud</strong></span> <span class='ocrx_word' id='word_1_246' title='bbox 751 3453 951 3538; x_wconf 76' lang='lat' dir='ltr'><strong>wisigothos,</strong></span> <span class='ocrx_word' id='word_1_247' title='bbox 975 3455 1035 3544; x_wconf 86' lang='lat' dir='ltr'><strong>qui</strong></span> <span class='ocrx_word' id='word_1_248' title='bbox 1048 3453 1184 3548; x_wconf 75' lang='lat' dir='ltr'><strong>filiorum</strong></span> 
     </span>
     <span class='ocr_line' id='line_1_30' title="bbox 35 3562 1184 3653; baseline 0.004 -28"><span class='ocrx_word' id='word_1_249' title='bbox 35 3562 224 3653; x_wconf 78' lang='lat' dir='ltr'><strong>filiarumque</strong></span> <span class='ocrx_word' id='word_1_250' title='bbox 241 3568 296 3653; x_wconf 88' lang='lat' dir='ltr'><strong>jus</strong></span> <span class='ocrx_word' id='word_1_251' title='bbox 318 3588 482 3633; x_wconf 84' lang='lat' dir='ltr'><strong>commune</strong></span> <span class='ocrx_word' id='word_1_252' title='bbox 506 3567 617 3630; x_wconf 85' lang='lat' dir='ltr'><strong>fecere.</strong></span> <span class='ocrx_word' id='word_1_253' title='bbox 663 3565 716 3630; x_wconf 87' lang='lat' dir='ltr'><strong>Sic</strong></span> <span class='ocrx_word' id='word_1_254' title='bbox 734 3565 815 3629; x_wconf 90' lang='lat' dir='ltr'><strong>enim</strong></span> <span class='ocrx_word' id='word_1_255' title='bbox 836 3563 905 3630; x_wconf 76' lang='lat' dir='ltr'><strong>Len</strong></span> <span class='ocrx_word' id='word_1_256' title='bbox 931 3565 1184 3650; x_wconf 85' lang='lat' dir='ltr'><strong>Wisigothorum,</strong></span> 
     </span>
     <span class='ocr_line' id='line_1_31' title="bbox 35 3653 1184 3764; baseline 0.009 -30"><span class='ocrx_word' id='word_1_257' title='bbox 35 3672 149 3748; x_wconf 81' lang='lat' dir='ltr'><strong>lih.1v.</strong></span> <span class='ocrx_word' id='word_1_258' title='bbox 171 3679 239 3743; x_wconf 83' lang='lat' dir='ltr'><strong>Tit</strong></span> <span class='ocrx_word' id='word_1_259' title='bbox 253 3688 285 3742; x_wconf 75' lang='lat'><strong>2.</strong></span> <span class='ocrx_word' id='word_1_260' title='bbox 307 3683 328 3718; x_wconf 88' lang='lat'>“</span> <span class='ocrx_word' id='word_1_261' title='bbox 349 3668 395 3740; x_wconf 84' lang='lat' dir='ltr'><strong>Ut</strong></span> <span class='ocrx_word' id='word_1_262' title='bbox 417 3700 538 3742; x_wconf 86' lang='lat' dir='ltr'><strong>sorores</strong></span> <span class='ocrx_word' id='word_1_263' title='bbox 559 3700 632 3742; x_wconf 92' lang='lat' dir='ltr'><strong>cum</strong></span> <span class='ocrx_word' id='word_1_264' title='bbox 657 3676 802 3742; x_wconf 81' lang='lat' dir='ltr'><strong>fratribus</strong></span> <span class='ocrx_word' id='word_1_265' title='bbox 825 3675 983 3764; x_wconf 83' lang='lat' dir='ltr'><strong>aequsliter</strong></span> <span class='ocrx_word' id='word_1_266' title='bbox 1003 3677 1033 3741; x_wconf 95' lang='lat' dir='ltr'><strong>in</strong></span> <span class='ocrx_word' id='word_1_267' title='bbox 1055 3653 1184 3744; x_wconf 80' lang='lat' dir='ltr'><strong>fratrum</strong></span> 
     </span>
     <span class='ocr_line' id='line_1_32' title="bbox 35 3783 1183 3873; baseline 0.01 -26"><span class='ocrx_word' id='word_1_268' title='bbox 35 3783 198 3854; x_wconf 79' lang='lat' dir='ltr'><strong>hereditate</strong></span> <span class='ocrx_word' id='word_1_269' title='bbox 226 3788 421 3854; x_wconf 57' lang='lat' dir='ltr'><strong>succedant?</strong></span> <span class='ocrx_word' id='word_1_270' title='bbox 465 3787 544 3873; x_wconf 82' lang='lat' dir='ltr'><strong>Leg.</strong></span> <span class='ocrx_word' id='word_1_271' title='bbox 578 3799 606 3852; x_wconf 90' lang='lat' dir='ltr'><strong>l.</strong></span> <span class='ocrx_word' id='word_1_272' title='bbox 638 3787 711 3853; x_wconf 86' lang='lat' dir='ltr'><strong>“Si</strong></span> <span class='ocrx_word' id='word_1_273' title='bbox 740 3801 827 3873; x_wconf 81' lang='lat' dir='ltr'><strong>peter</strong></span> <span class='ocrx_word' id='word_1_274' title='bbox 852 3788 900 3854; x_wconf 86' lang='lat' dir='ltr'><strong>vel</strong></span> <span class='ocrx_word' id='word_1_275' title='bbox 928 3802 1024 3854; x_wconf 87' lang='lat' dir='ltr'><strong>mater</strong></span> <span class='ocrx_word' id='word_1_276' title='bbox 1049 3787 1183 3858; x_wconf 77' lang='lat' dir='ltr'><strong>intestati</strong></span> 
     </span>
     <span class='ocr_line' id='line_1_33' title="bbox 35 3895 1182 3986; baseline 0.008 -28"><span class='ocrx_word' id='word_1_277' title='bbox 35 3895 232 3980; x_wconf 77' lang='lat' dir='ltr'><strong>discesserint,</strong></span> <span class='ocrx_word' id='word_1_278' title='bbox 242 3914 317 3966; x_wconf 89' lang='lat' dir='ltr'><strong>tunc</strong></span> <span class='ocrx_word' id='word_1_279' title='bbox 330 3923 450 3966; x_wconf 86' lang='lat' dir='ltr'><strong>sorores</strong></span> <span class='ocrx_word' id='word_1_280' title='bbox 463 3922 536 3964; x_wconf 87' lang='lat' dir='ltr'><strong>cum</strong></span> <span class='ocrx_word' id='word_1_281' title='bbox 550 3899 695 3964; x_wconf 80' lang='lat' dir='ltr'><strong>fratribus</strong></span> <span class='ocrx_word' id='word_1_282' title='bbox 708 3900 740 3966; x_wconf 87' lang='lat' dir='ltr'><strong>in</strong></span> <span class='ocrx_word' id='word_1_283' title='bbox 751 3899 836 3966; x_wconf 91' lang='lat' dir='ltr'><strong>omni</strong></span> <span class='ocrx_word' id='word_1_284' title='bbox 850 3913 1012 3986; x_wconf 83' lang='lat' dir='ltr'><strong>parentum</strong></span> <span class='ocrx_word' id='word_1_285' title='bbox 1025 3900 1182 3980; x_wconf 81' lang='lat' dir='ltr'><strong>facultate,</strong></span> 
     </span>
     <span class='ocr_line' id='line_1_34' title="bbox 34 4009 1183 4100; baseline 0.002 -24"><span class='ocrx_word' id='word_1_286' title='bbox 34 4009 145 4098; x_wconf 74' lang='lat' dir='ltr'><strong>absque</strong></span> <span class='ocrx_word' id='word_1_287' title='bbox 171 4012 233 4077; x_wconf 81' lang='lat' dir='ltr'><strong>alio</strong></span> <span class='ocrx_word' id='word_1_288' title='bbox 262 4013 398 4100; x_wconf 90' lang='lat' dir='ltr'><strong>objectu,</strong></span> <span class='ocrx_word' id='word_1_289' title='bbox 427 4011 539 4098; x_wconf 83' lang='lat' dir='ltr'><strong>aequali</strong></span> <span class='ocrx_word' id='word_1_290' title='bbox 571 4011 718 4077; x_wconf 86' lang='lat' dir='ltr'><strong>divisione</strong></span> <span class='ocrx_word' id='word_1_291' title='bbox 752 4011 946 4078; x_wconf 83' lang='lat' dir='ltr'><strong>succedant.”</strong></span> <span class='ocrx_word' id='word_1_292' title='bbox 1004 4011 1083 4077; x_wconf 77' lang='lat' dir='ltr'><strong>Alie</strong></span> <span class='ocrx_word' id='word_1_293' title='bbox 1111 4021 1183 4078; x_wconf 89' lang='lat' dir='ltr'><strong>sunt</strong></span> 
     </span>
     <span class='ocr_line' id='line_1_35' title="bbox 32 4115 617 4206; baseline -0.005 -17"><span class='ocrx_word' id='word_1_294' title='bbox 32 4115 167 4200; x_wconf 83' lang='lat' dir='ltr'><strong>plurimae</strong></span> <span class='ocrx_word' id='word_1_295' title='bbox 178 4125 287 4190; x_wconf 75' lang='lat' dir='ltr'><strong>eddom</strong></span> <span class='ocrx_word' id='word_1_296' title='bbox 302 4126 341 4190; x_wconf 90' lang='lat' dir='ltr'><strong>de</strong></span> <span class='ocrx_word' id='word_1_297' title='bbox 355 4147 388 4188; x_wconf 88' lang='lat' dir='ltr'><strong>re</strong></span> <span class='ocrx_word' id='word_1_298' title='bbox 401 4145 509 4188; x_wconf 88' lang='lat' dir='ltr'><strong>eorum</strong></span> <span class='ocrx_word' id='word_1_299' title='bbox 523 4121 617 4206; x_wconf 84' lang='lat' dir='ltr'><strong>leges.</strong></span> 
     </span>
    </p>

    <p class='ocr_par' dir='ltr' id='par_1_12' title="bbox 73 4231 1179 4320">
     <span class='ocr_line' id='line_1_36' title="bbox 73 4231 1179 4320; baseline 0.006 -25"><span class='ocrx_word' id='word_1_300' title='bbox 73 4231 168 4316; x_wconf 84' lang='lat' dir='ltr'><strong>Apud</strong></span> <span class='ocrx_word' id='word_1_301' title='bbox 181 4258 238 4302; x_wconf 89' lang='lat' dir='ltr'><strong>nos</strong></span> <span class='ocrx_word' id='word_1_302' title='bbox 251 4237 335 4318; x_wconf 78' lang='lat' dir='ltr'><strong>reth,</strong></span> <span class='ocrx_word' id='word_1_303' title='bbox 349 4236 381 4300; x_wconf 88' lang='lat' dir='ltr'><strong>in</strong></span> <span class='ocrx_word' id='word_1_304' title='bbox 395 4233 565 4320; x_wconf 83' lang='lat' dir='ltr'><strong>regnatrice</strong></span> <span class='ocrx_word' id='word_1_305' title='bbox 579 4236 684 4316; x_wconf 89' lang='lat' dir='ltr'><strong>dumo,</strong></span> <span class='ocrx_word' id='word_1_306' title='bbox 701 4235 783 4320; x_wconf 78' lang='lat' dir='ltr'><strong>viget</strong></span> <span class='ocrx_word' id='word_1_307' title='bbox 796 4249 828 4300; x_wconf 89' lang='lat' dir='ltr'><strong>et</strong></span> <span class='ocrx_word' id='word_1_308' title='bbox 849 4235 881 4299; x_wconf 88' lang='lat' dir='ltr'><strong>iu</strong></span> <span class='ocrx_word' id='word_1_309' title='bbox 894 4235 1078 4301; x_wconf 89' lang='lat' dir='ltr'><strong>immensum</strong></span> <span class='ocrx_word' id='word_1_310' title='bbox 1090 4249 1179 4302; x_wconf 85' lang='lat' dir='ltr'><strong>sucta</strong></span> 
     </span>
    </p>
   </div>
   <div class='ocr_carea' id='block_1_7' title="bbox 31 4333 1180 4520">
    <p class='ocr_par' dir='ltr' id='par_1_13' title="bbox 31 4333 1180 4520">
     <span class='ocr_line' id='line_1_37' title="bbox 34 4333 1180 4436; baseline 0.012 -34"><span class='ocrx_word' id='word_1_311' title='bbox 34 4333 97 4405; x_wconf 73' lang='lat' dir='ltr'><strong>Iex</strong></span> <span class='ocrx_word' id='word_1_312' title='bbox 119 4343 231 4431; x_wconf 72' lang='lat' dir='ltr'><strong>selice,</strong></span> <span class='ocrx_word' id='word_1_313' title='bbox 251 4347 410 4435; x_wconf 79' lang='lat' dir='ltr'><strong>egregium</strong></span> <span class='ocrx_word' id='word_1_314' title='bbox 431 4346 552 4434; x_wconf 80' lang='lat' dir='ltr'><strong>imperii</strong></span> <span class='ocrx_word' id='word_1_315' title='bbox 573 4347 677 4430; x_wconf 89' lang='lat' dir='ltr'><strong>decus,</strong></span> <span class='ocrx_word' id='word_1_316' title='bbox 698 4360 732 4414; x_wconf 86' lang='lat' dir='ltr'><strong>et</strong></span> <span class='ocrx_word' id='word_1_317' title='bbox 752 4346 923 4432; x_wconf 82' lang='lat' dir='ltr'><strong>securitatis</strong></span> <span class='ocrx_word' id='word_1_318' title='bbox 945 4347 1077 4436; x_wconf 75' lang='lat' dir='ltr'><strong>publice</strong></span> <span class='ocrx_word' id='word_1_319' title='bbox 1099 4361 1180 4416; x_wconf 76' lang='lat' dir='ltr'><strong>tutn-</strong></span> 
     </span>
     <span class='ocr_line' id='line_1_38' title="bbox 31 4464 273 4520; baseline 0.033 -7"><span class='ocrx_word' id='word_1_320' title='bbox 31 4464 172 4520; x_wconf 80' lang='lat' dir='ltr'><strong>mentun.</strong></span> <span class='ocrx_word' id='word_1_321' title='bbox 269 4467 273 4474; x_wconf 90' lang='grc'><strong>’</strong></span> 
     </span>
    </p>
   </div>
   <div class='ocr_carea' id='block_1_8' title="bbox 0 0 1434 4950">
    <p class='ocr_par' dir='ltr' id='par_1_14' title="bbox 0 0 1434 4950">
     <span class='ocr_line' id='line_1_39' title="bbox 0 0 1434 4950; baseline 0 1"><span class='ocrx_word' id='word_1_322' title='bbox 0 0 1434 4950; x_wconf 95' lang='lat' dir='ltr'><strong> </strong></span> 
     </span>
    </p>
   </div>
  </div>
 </body>
</html>
