2859 4950
279 342 339 404 nn
361 336 496 402 vnnn
517 338 586 402 cn.
604 336 689 401 Jun
709 335 943 400 ismeone.
1122 338 1197 412 sor

78 492 121 563 Et
142 496 300 562 conservis.
345 494 423 561 MS.
437 492 539 560 Vatic.
554 501 650 569 8429.
672 494 765 559 etiam
787 492 945 560 sonamu-
989 492 1053 561 Sed
1072 506 1101 562 et
1119 518 1181 584 pro

39 602 124 673 stiam
138 620 312 692 usurpatur.

77 716 284 784 Trinobantes.
328 717 497 803 Perpetem
525 717 555 783 in
583 716 737 783 veteribus
772 715 967 797 editionibus,
997 716 1177 807 Brigantes.

39 830 160 917 Optimi
186 828 372 909 camdenus,
395 852 487 916 quem
504 828 651 894 Emestus
670 827 783 915 aliique
796 840 867 893 sunt
880 827 988 909 secuti,
1006 827 1180 899 emendarit

37 938 241 1021 Trinobantes,
267 954 301 1005 ut
326 952 411 1027 patet
439 964 476 1006 ex
507 938 620 1007 Annal.
652 962 729 1005 xiv.
754 948 808 1005 81.
843 939 965 1025 Arguto
990 939 1091 1020 nima,
1119 942 1175 1029 qui

36 1048 196 1139 Brigantes
209 1052 383 1131 defendunt,
408 1050 490 1139 qudd
504 1074 611 1117 eorum
627 1074 662 1116 ac
677 1049 907 1117 Trinobautum
921 1073 983 1116 una
999 1051 1171 1140 eademque

34 1160 67 1226 sit
76 1160 172 1247 origo.
898 1156 902 1168 '

68 1270 112 1338 Et
135 1270 307 1339 libertatem
322 1296 382 1339 reon
397 1274 431 1337 in
450 1268 616 1361 prasentid
630 1272 835 1338 laturi...non
853 1272 1171 1363 ostenderentuaepo-

32 1380 141 1449 ruerit?
183 1382 234 1449 Ita
254 1382 388 1470 quidem,
413 1383 526 1448 sensim
545 1382 609 1448 sine
631 1406 721 1449 sensu
743 1382 870 1449 mutan·
884 1397 985 1448 vetere
1007 1385 1170 1471 scripturi,

31 1492 145 1559 editum.
188 1494 235 1561 At
249 1495 281 1559 in
296 1494 373 1561 MS.
387 1493 487 1560 Varie.
500 1503 596 1569 3429.
612 1505 642 1561 et
659 1494 693 1559 in
708 1480 883 1561 libertatem
896 1518 958 1561 non
972 1498 1006 1561 in
1015 1498 1167 1583 painters·

30 1605 105 1669 tiam.
147 1603 276 1671 Veteres
302 1605 461 1687 editiones,
489 1616 520 1670 et
548 1606 582 1671 in
611 1604 787 1672 libertatem
821 1628 884 1671 non
909 1608 944 1671 in
966 1606 1166 1693 praeentiam

30 1712 222 1803 laturiprirno
235 1718 339 1782 statim
356 1739 513 1803 congressu
527 1716 607 1781 unde
618 1716 821 1797 ostendamus,
832 1740 907 1805 qnos
917 1716 979 1781 sibi
992 1716 1164 1787 Caledonia

29 1828 99 1891 ciros
123 1827 299 1915 seposuerit.
343 1826 539 1893 Minucianus
567 1826 685 1913 primus
709 1828 814 1907 edidit,
839 1830 874 1893 in
895 1828 1080 1915 prasentiti5
1110 1830 1164 1897 alii

29 1936 124 2019 posted
142 1938 273 2003 omisere
287 1937 536 2025 propositionem
551 1938 584 2003 in
598 1952 667 2003 ante
681 1937 875 2005 libertatem:
897 1961 934 2004 ne
952 1939 1077 2004 demum
1091 1962 1179 2025 pro,-

28 2045 97 2111 unde
109 2050 315 2117 ostendamus·
325 2050 516 2137 ·seposuerit,
540 2052 734 2115 emendatum
753 2049 773 2113 d
788 2048 936 2129 Piehent,
950 2073 1013 2115 non
1027 2052 1164 2117 ostende·

28 2178 91 2237 ntus,
113 2162 151 2223 ab
174 2160 252 2241 aliis,
274 2184 336 2225 non
358 2160 778 2247 ostendamus-seposuerit?
821 2160 906 2225 Mihi
921 2161 993 2225 verd
1007 2175 1039 2225 et
1052 2161 1163 2227 veteris

27 2266 168 2353 scripture
183 2270 319 2357 vestigia,
333 2283 364 2337 et
374 2296 485 2351 rerum,
496 2286 681 2337 narratarum
696 2270 810 2337 Annal.
826 2292 903 2335 xiv.
913 2278 966 2337 83.
980 2273 1161 2337 memoriam

27 2381 159 2463 repetenti
170 2382 335 2468 probabile
348 2383 467 2448 videtur
480 2381 625 2448 Tacitum
638 2382 806 2467 scripsisse,
818 2392 846 2447 et
855 2382 890 2446 in
899 2381 1084 2464 libertatern,
1099 2406 1162 2449 non

28 2491 54 2554 in
68 2493 212 2578 predam,
239 2495 398 2575 certaturi,
413 2495 516 2582 prima
539 2494 643 2560 statim
668 2515 828 2581 congressu
850 2491 955 2558 vivia
970 2493 1161 2560 ostendamus

25 2605 152 2688 quaesibi
168 2603 341 2670 Caledonia
355 2605 435 2670 viros
449 2606 622 2691 seposuerit.
667 2591 776 2670 Primo
794 2603 945 2700 scriptum
960 2603 1035 2669 olim
1050 2603 1155 2686 fuisse,

27 2715 88 2779 etin
102 2715 275 2781 libertatern
291 2716 417 2782 suadent
433 2715 535 2781 MSS.
550 2728 582 2779 et
602 2729 720 2780 veteres
734 2714 891 2790 editiones.
938 2712 1072 2794 Deinde,
1093 2737 1158 2782 non

25 2821 192 2910 inprudens
216 2825 316 2891 innuit
336 2841 401 2892 tum
425 2825 515 2891 series
530 2826 686 2907 orationis,
706 2824 822 2890 tamid
842 2824 925 2910 quod
939 2838 1041 2888 narrat
1052 2823 1156 2890 Tacit.

26 2931 122 3002 Annsl.
140 2959 216 3002 xrv.
241 2945 294 3006 33.
326 2943 347 2977 “
363 2936 503 3016 Barbari,
519 2937 640 3002 omissis
658 2935 791 3002 castellis
814 2933 1023 3021 presidiisque
1045 2934 1156 3000 milita·

24 3041 98 3126 num,
122 3050 204 3136 quod
224 3047 410 3113 uberrimum
435 3048 588 3136 spolianti,
612 3062 643 3113 et
665 3046 898 3112 defendentibus
924 3045 1066 3126 intutam,
1089 3045 1174 3112 laeti'

24 3158 123 3237 pred-l,
145 3171 177 3225 et
199 3159 329 3224 aliorum
345 3181 450 3242 segnes
466 3157 642 3243 petebant.’'
684 3154 837 3223 certaturi
852 3169 953 3220 autem
967 3156 1002 3220 in
1025 3155 1153 3228 liberta

23 3271 79 3345 tan,
93 3291 151 3334 non
165 3271 200 3336 in
210 3269 361 3357 predam,
378 3269 488 3336 latine
503 3269 622 3350 dicitur,
638 3281 671 3333 ut
685 3269 768 3352 npud
783 3269 933 3334 Senecam
953 3265 984 3331 in
997 3265 1150 3365 Thebaid.

23 3371 80 3440 Act.
94 3397 117 3443 1.
131 3405 209 3446 vers.
223 3389 297 3456 298.
509 3369 511 3374 ’
529 3367 533 3375 ’

354 3551 373 3580 “
389 3545 552 3606 certantia
566 3565 651 3606 omne
665 3539 805 3602 sueinus.''
1114 3572 1124 3611 ,

23 3711 148 3808 Denique
163 3719 246 3812 q'udd
260 3721 348 3789 nobis
363 3726 586 3788 emendandum
599 3721 747 3801 videatur,
756 3717 858 3785 vividi
871 3715 1078 3784 ostendamus·
1089 3751 1100 3770 ο
1111 3749 1142 3770 ··
1230 3749 1235 3758 ·

23 3835 174 3916 posuerit,
189 3835 264 3902 facit
278 3850 309 3901 et
323 3853 409 3900 vetus
425 3835 583 3920 scriptura,
597 3847 628 3900 et
643 3832 808 3898 auetoritns
821 3829 930 3896 eruditi
944 3827 1000 3893 viri
1014 3825 1149 3912 Joseplsi

23 3935 161 4028 Scaligeri,
186 3947 239 4033 qui
257 3945 307 4012 ita
322 3945 353 4011 in
380 3945 548 4032 exemplari
572 3969 629 4011 suo
652 3967 744 4010 mauu
768 3943 897 4028 proprii
922 3939 1147 4018 emendaverat,

24 4061 80 4114 este
94 4051 269 4144 Rutgersio,
282 4065 304 4097 “
320 4055 483 4124 Lectiones
498 4053 691 4136 Venusine,’'
704 4077 774 4139 cap.
789 4061 842 4118 81.

51 4157 152 4252 Hujus
170 4183 271 4233 autem
284 4167 357 4250 loci,
372 4167 480 4232 misere
495 4165 642 4252 corrupti,
656 4165 821 4230 innumeras
836 4173 906 4226 sunt
918 4159 1146 4225 emendationes

25 4267 47 4330 lb
59 4270 121 4339 aliis
132 4277 308 4364 propositae,
323 4275 452 4367 quarum
467 4277 637 4363 praecipuas
651 4275 840 4340 memorisse
855 4272 895 4336 sit
907 4271 989 4336 satis.
1033 4269 1146 4336 Mure·

25 4397 63 4462 ur,
76 4395 103 4450 et
116 4385 151 4452 in
165 4387 350 4476 libertatem,
365 4415 425 4458 non
439 4391 473 4456 in
490 4388 601 4478 populi
617 4386 755 4454 Romani
767 4385 923 4452 servitium
937 4381 1017 4447 nati.
1067 4378 1147 4466 Lip-

49 4489 52 4502 '
127 4517 266 4570 vomis.
944 4501 1015 4576 29
