2859 4950
252 268 308 323 114
631 258 666 316 C.
688 256 887 316 CORNBLll
908 255 1046 316 'l'ACl'l'l

221 410 225 415 ’
299 428 358 493 32.
385 424 411 459 “
436 420 501 487 An
520 412 677 489 eamdem
697 412 864 485 Romanis
884 411 921 483 in
936 412 1030 485 bello
1045 392 1220 501 uirtutem,
1235 408 1373 510 qulmin

247 542 273 578 e
300 558 384 631 paee
407 529 577 605 lasciviam
594 528 712 601 adesse
729 527 889 602 crenus?
914 527 1051 601 Nostris
1066 528 1115 599 nn
1132 508 1375 602 asemona

247 658 273 693 “
299 676 338 722 ac
356 647 533 726 discordiis
558 646 654 735 clari,
670 645 750 717 vitia
766 644 918 717 hostium
934 644 970 716 in
989 645 1135 742 gloriam
1152 645 1319 719 exercitus
1332 645 1374 718 sui

247 773 272 809 ‘⁶
298 782 459 837 vertunt:
486 786 591 861 quem
608 778 824 834 contractum
841 786 887 832 cx
904 760 1137 834 diversissimis
1156 762 1322 860 gentibus,
1345 780 1374 835 ut

203 894 206 902 ⁴
247 889 272 923 ‘⁶
298 880 460 953 secundae
476 904 531 952 res
546 895 675 966 tenent,
688 877 734 948 ita
750 878 903 949 adversae
916 876 1119 951 dissolvent:
1137 879 1201 950 nisi
1217 878 1244 951 si
1258 879 1375 965 Gallos,

246 1004 271 1039 “
297 1014 331 1068 et
349 999 558 1085 Germanum
576 1012 610 1067 ct
633 995 759 1091 (pudet
775 994 869 1066 dictu
883 994 911 1087 ¹)
929 994 1176 1066 Britannorum
1198 996 1375 1091 plerosque,

244 1118 268 1155 ‘⁴
295 1111 374 1185 licet
391 1110 613 1184 dominationi
630 1112 750 1184 aliena:
766 1110 968 1209 sauguinem
987 1114 1238 1199 commodent,²
1262 1109 1374 1183 diutius

243 1235 269 1271 ‘⁴
296 1245 412 1301 tamen
433 1229 549 1301 hostes
566 1228 672 1327 quim
695 1252 828 1315 servos,
844 1228 914 1299 fide
932 1243 966 1299 et
981 1228 1106 1299 affectu
1123 1230 1231 1300 teneri
1247 1227 1374 1323 putatis:

243 1351 269 1386 “
296 1360 408 1416 metus
431 1358 465 1417 et
490 1360 602 1417 terror
627 1362 690 1433 est,
706 1343 853 1416 infirma
877 1344 1013 1416 vincula
1038 1344 1309 1417 caritatin'fruae
1331 1340 1377 1414 ubi

243 1466 268 1501 “
293 1459 493 1547 removeriS,
512 1458 571 1557 qui
588 1460 708 1533 timere
726 1457 899 1551 desierint,
916 1462 1028 1535 odisse
1043 1448 1215 1557 incipieni
1266 1458 1376 1532 Omnia

173 1592 175 1600 ’
242 1582 267 1616 “
292 1574 444 1649 victoriae
474 1576 691 1650 incitamenta
719 1604 800 1674 pro,
816 1579 915 1651 nobis
943 1596 1045 1651 sunt:
1075 1576 1183 1649 nullae
1214 1570 1376 1648 Ro'mauos

194 1748 203 1770 .
241 1698 267 1735 “
293 1694 479 1789 conjuges³
494 1694 703 1765 accendunt:
723 1694 809 1765 nulli
822 1710 979 1791 parentes
991 1692 1137 1792 fugam⁴
1151 1687 1377 1790 exprobraturi

241 1814 267 1848 “
294 1824 395 1879 sunt:
420 1823 480 1878 aut
506 1808 601 1879 nulla
625 1808 799 1909 pleriqque
828 1810 961 1905 pauia,⁵
986 1826 1045 1881 aut
1070 1810 1234 1881 aliaest:
1266 1830 1379 1906 paucos

238 1928 263 1963 “
289 1918 465 2011 uumer0,⁶
479 1924 616 1998 circum
640 1926 814 2021 trepidos⁷
831 1925 1036 2025 ignorantii,
1053 1925 1183 1999 coelum
1205 1926 1331 2022 ipsum,
1345 1948 1376 1995 ac

225 2043 265 2078 “‘
292 2062 400 2127 mare,
425 2057 459 2112 et
473 2041 608 2139 ,sylvam
634 2040 751 2141 ignota
771 2044 887 2115 omnia
903 2042 1239 2138 circumspectantes,
1262 2042 1380 2114 clausos

239 2158 264 2193 “
291 2156 551 2250 quodammodo
574 2182 614 2229 ac
631 2156 763 2231 vinctos
778 2158 838 2230 Dii
860 2159 959 2231 nobis
976 2158 1199 2230 tradiderunt.
1253 2159 1310 2233 Ne
1325 2176 1379 2228 ter-

238 2276 264 2311 “
289 2286 363 2343 reat
378 2296 486 2345 vanus
502 2290 671 2369 aspectuS,
697 2290 732 2346 et
756 2274 829 2346 auri
855 2272 975 2371 fulgor
998 2291 1101 2370 atque
1123 2274 1272 2372 argenti,
1298 2270 1379 2373 quod

241 2392 266 2426 “
292 2409 406 2486 neque
424 2388 521 2488 tegit,
546 2414 660 2486 neque
677 2386 861 2461 vulnerat.⁸
896 2391 937 2462 ln
953 2387 1026 2486 ipsi
1042 2388 1194 2462 hostium
1211 2391 1286 2465 acie
1302 2391 1380 2461 inve-

279 2679 286 2704 ¹
311 2683 404 2740 Pudet
416 2686 503 2742 dictu.
526 2686 712 2760 Singulmiter
723 2686 784 2743 dic·

244 2757 247 2764 Δ
843 2686 918 2756 reni,
935 2697 966 2745 ut
980 2687 1058 2765 apud
1071 2687 1242 2760 Germanos,
1255 2691 1297 2747 sic
1312 2686 1379 2765 apud

234 2766 299 2817 turn
325 2781 377 2839 pro
397 2765 484 2838 pudet
517 2765 617 2836 dicere.
661 2766 782 2823 Plautus

843 2769 1002 2838 Britannos,
1015 2779 1126 2837 matres,
1140 2771 1279 2846 conjuges
1296 2772 1380 2828 hortu·

236 2853 330 2898 tumen
340 2843 447 2902 Bacch.
459 2848 525 2902 Act.
535 2861 586 2902 111.
600 2846 647 2903 Sc.
657 2863 680 2902 1.
689 2848 780 2905 dixit:

238 2943 312 3027 n'dque
322 2977 372 3022 mei,
381 2987 451 3026 neque
460 2976 495 3014 tut
506 2978 568 3016 intur
577 2977 686 3028 puditum
695 2979 783 3028 estfac-

335 3035 371 3082 tis,
380 3037 505 3086 quesnois.

207 3173 214 3187 ”
237 3175 274 3230 Et
289 3175 386 3232 aner.
401 3175 558 3244 Maximus,
575 3193 623 3232 rx.
646 3180 690 3233 13.
708 3193 738 3231 n.
753 3181 782 3232 2.

236 3255 297 3312 Nec
307 3255 442 3314 relatione
442 3255 615 3335 familiario,
628 3257 693 3332 quio
704 3255 783 3313 dictu

226 3335 406 3414 Jirslidieudu
423 3343 498 3394 sunl.

273 3410 287 3438 ²
299 3415 468 3494 Sanguinem
482 3416 660 3474 commodent.
675 3417 780 3472 Boma-

233 3514 335 3552 norum
357 3497 542 3555 dominationi
560 3498 646 3554 vitum
663 3496 777 3572 snrrgui-
801 3520 804 3526 ·

231 3581 354 3652 nemque
378 3578 598 3634 commodabunt
623 3575 779 3634 auxilians

231 3657 321 3726 Galli,
345 3659 492 3727 Germani,
518 3669 546 3716 et
574 3658 776 3714 Britannorum

228 3737 374 3814 plerique:
410 3739 519 3797 diutius
545 3753 639 3800 mutem
672 3738 775 3806 hostes,

229 3817 316 3894 quitur
343 3820 432 3890 servi;
453 3839 488 3877 ac
514 3819 633 3896 proinde
661 3821 775 3876 mirilico

229 3899 342 3967 allecto,
356 3899 409 3957 fide
423 3901 542 3958 incertit.

268 3974 281 4008 ³
297 3979 396 4038 Nullo
407 3981 545 4040 Romanoa
556 3983 697 4056 cury'uges.
711 3978 776 4035 Cor·

227 4059 298 4118 libes
319 4061 404 4138 vulgi)
419 4072 499 4119 erunt
519 4059 623 4116 milites
641 4060 773 4116 Romani.

228 4139 304 4199 Vide
328 4155 387 4199 not.
416 4153 445 4200 ct
468 4141 578 4198 emend.
605 4139 640 4196 nd
666 4138 771 4196 Annei.

229 4241 297 4279 xrv.
311 4227 359 4288 27.
400 4220 540 4280 Praeterel
560 4221 702 4277 incastris
718 4220 774 4276 llo·

228 4303 318 4360 tironis
339 4301 436 4360 nullus
449 4301 569 4359 loeminis
582 4301 674 4358 locus.

264 4381 279 4414 ⁴
302 4383 385 4440 Nulli
395 4380 647 4460 peremerfugum.
664 4381 773 4439 Contra

843 2851 917 2906 mina
931 2850 1124 2924 pugnantibus
1135 2853 1295 2924 gestabant,
1309 2863 1336 2909 ct
1347 2853 1380 2906 iu·

834 2929 961 2987 -cliuatus
973 2930 1154 3006 labeutesque
1162 2931 1241 2988 acies
1251 2949 1382 2990 nonnum·

842 3029 928 3085 quam
944 3011 1140 3069 restituebant.
1163 3011 1241 3069 Vide
1253 3032 1340 3093 supra
1351 3012 1380 3067 de

842 3091 919 3147 Mor.
933 3090 1069 3148 German.
1083 3109 1148 3168 cup.
1162 3097 1180 3157 7
1194 3102 1225 3150 et
1243 3101 1272 3153 8.

881 3169 891 3202 ³
914 3171 1007 3229 Nulla
1030 3171 1170 3248 plerisque
1186 3173 1302 3249 putria.
1327 3176 1380 3230 Aut

840 3251 921 3308 nulla
933 3252 1075 3329 plerisque
1084 3253 1178 3330 putria
1187 3265 1242 3323 est,
1255 3264 1309 3310 aut
1321 3254 1379 3315 ulia.

840 3332 928 3407 quam
945 3333 1101 3390 Britannia.
1135 3333 1230 3391 Nulla
1246 3334 1380 3411 plerisque

839 3415 1011 3487 patriaerat,
1022 3414 1111 3488 quiid,
1121 3423 1155 3470 ut
1169 3416 1249 3472 recti·
1259 3416 1381 3492 explicat

839 3493 949 3552 lllustr.
978 3493 1112 3563 lluetins,
1141 3496 1271 3566 obscuri,
1301 3495 1378 3569 vulud

837 3574 967 3649 concepti
981 3593 1018 3630 ex
1039 3574 1141 3632 scortis
1159 3574 1344 3643 militaribus,
1356 3579 1378 3632 in

837 3655 1076 3791 expeell'itionibus,
1089 3657 1120 3711 in
1134 3655 1191 3792 vii}
1198 3657 1273 3794 nugi.
1339 3739 1346 3794 1
1368 3736 1378 3788 3

937 3755 1020 3792 urceos
1032 3755 1153 3793 numero.
1193 3755 1243 3794 rus
1258 3758 1291 3795 ra
1301 3759 1336 3795 ru
1349 3759 1368 3802 e·

835 3816 1003 3873 emendatur
1012 3833 1116 3889 paucos
1127 3836 1267 3874 numeror.
1297 3817 1378 3876 llecri

834 3909 863 3954 ct
890 3898 1031 3972 eleganter
1056 3896 1177 3966 dictum,
1203 3917 1312 3973 pouces
1336 3917 1384 3956 me

833 3997 918 4035 mero.

876 4055 888 4089 ⁷
909 4059 1021 4129 Circum
1041 4059 1173 4135 trepidet.
1202 4058 1377 4117 Crediderim

833 4138 938 4197 circrim
951 4141 1127 4207 redundare3
1148 4153 1176 4198 et
1189 4142 1315 4217 petitum
1327 4158 1379 4194 esse

834 4234 867 4274 ex
883 4221 1011 4296 sequenti
1023 4218 1099 4277 linei
1108 4220 1377 4296 circumspectantes.

836 4301 909 4356 Vide
922 4312 981 4358 not.
995 4309 1023 4356 et
1038 4302 1150 4357 emend.
1162 4301 1198 4357 ud
1210 4320 1282 4378 cap.
1296 4308 1345 4359 32.

873 4375 884 4409 ¹
909 4382 1006 4458 Neque
1030 4384 1113 4459 tegit,
1133 4401 1219 4460 neque
1238 4384 1377 4440 voluerut.
