2859 4950
299 300 506 369 nlntoous
529 307 585 365 uu
605 302 877 368 ounrorunus
1091 315 1164 384 naz

52 462 83 535 ad
102 454 314 558 eloquentiam
339 456 473 529 virilem
489 472 523 527 et
539 456 735 548 oratoriam,
759 458 831 557 quit
856 484 977 556 parare
1003 455 1105 537 simul
1129 480 1166 539 et

53 578 118 649 tueri
146 575 311 662 amicitias,
346 572 532 645 adsciscere
560 572 726 662 nationes,
761 576 943 673 complecti
974 576 1166 673 provincias

52 692 141 788 possit,
164 690 281 763 amittit
308 689 484 773 studium,¹
510 712 580 783 quo
609 712 681 759 non
707 688 799 760 aliud
825 691 862 761 in
887 691 1020 765 civitate
1045 692 1165 769 nostri

52 810 89 879 uel
102 810 139 879 ad
154 806 327 878 utilitatem
342 802 563 891 fructuosius,
586 804 640 875 vel
657 804 701 875 ad
718 804 918 904 dignitatem
934 808 1092 903 amplius,
1107 807 1165 881 vel

53 923 183 995 alUrbis
199 921 325 993 famam
341 919 531 1015 pulchriuS,
542 919 596 991 vel
612 920 656 991 ad
673 921 777 993 totius
792 921 925 1019 imperii
941 906 1045 1020 atque
1055 910 1167 995 omni·
1258 971 1262 978 v

56 1037 258 1135 ungentium
274 1034 427 1107 notitiam
442 1034 606 1107 illustrius
631 1036 818 1135 excogitari
843 1054 964 1135 potest.
1015 1040 1110 1111 Nam
1135 1036 1166 1111 si

54 1154 80 1223 ad
100 1153 266 1247 utilitatem
282 1152 360 1223 vitae
377 1148 491 1221 omnia
517 1148 656 1221 consilia
681 1149 840 1249 factaque
856 1170 972 1225 nostra
987 1151 1166 1250 dirigenda

52 1284 117 1354 suut,
138 1268 217 1365 quid
251 1266 315 1339 erit
342 1266 460 1353 tutius,
495 1265 602 1361 quim
635 1290 710 1339 eam
744 1293 907 1341 exercere
938 1284 1060 1356 artem,
1095 1256 1167 1364 qui

50 1406 155 1477 semper
181 1398 332 1455 armatus
358 1379 554 1477 praesidium
583 1381 712 1469 amicis,
738 1407 841 1478 opem
866 1383 995 1473 alienis,
1020 1383 1167 1455 salutem

50 1498 299 1591 periclitantibuS,
322 1494 443 1567 invidis
469 1495 553 1567 vero
575 1512 609 1567 et
629 1495 773 1568 inimicis
797 1514 929 1569 metum
945 1513 979 1569 et
995 1516 1166 1571 terrorem

48 1612 118 1683 ultro
131 1612 226 1701 ieras,
252 1612 325 1709 ipse
342 1634 494 1696 securus,
520 1625 553 1680 et
569 1608 663 1681 velut
679 1608 830 1708 quddam
855 1610 1020 1709 perpetual
1046 1629 1167 1711 poten·

49 1725 125 1801 tilae
134 1746 294 1825 potestate
311 1726 487 1799 munitus?
513 1728 610 1824 cujus
626 1726 677 1799 vis
690 1744 724 1799 et
734 1727 871 1815 utilitas,
883 1731 987 1801 rebus
999 1715 1165 1829 prospere

48 1840 212 1935 liuentibus,
250 1842 399 1917 aliorum
435 1842 592 1939 praesidio
631 1859 665 1915 et
701 1842 809 1916 tuteli
849 1843 1069 1943 intelligitur:
1113 1838 1192 1917 sin·

46 1959 193 2054 proprium
226 1958 422 2058 periculum
453 1956 633 2054 increpuit,
672 1981 743 2030 non
776 1958 918 2030 hercule
951 1958 1069 2047 lorica,
1106 1948 1168 2031 aut¹

47 2073 153 2168 gladius
167 2076 202 2149 in
217 2076 292 2149 acie
319 2072 450 2145 firmius
478 2071 745 2162 munimentum,
770 2070 878 2174 quam
904 2097 965 2147 reo
985 2091 1019 2145 et
1034 2064 1169 2170 pericli·

44 2189 108 2261 tanti
122 2190 324 2290 eloquentia,
342 2186 538 2286 praesidium
554 2187 656 2260 simul
673 2204 707 2260 et
723 2187 932 2301 telum,oquo
948 2213 1170 2289 propugnare

46 2306 157 2396 pariter,
181 2324 215 2381 et
240 2306 423 2391 incessere,
452 2304 507 2375 vel
536 2303 572 2375 in
594 2303 753 2403 judicio,²
775 2304 846 2376 sive
873 2304 910 2375 in
935 2321 1067 2393 senatu,
1096 2304 1169 2377 sive

46 2423 115 2514 apud
129 2424 322 2520 Principem
339 2419 457 2518 possis·
510 2420 605 2516 Quid
621 2419 713 2494 aliud
729 2417 858 2492 infestis
881 2408 1033 2519 patribus
1055 2446 1170 2519 nuper

45 2537 146 2634 Eprius
161 2539 374 2626 Marcellus,³
400 2538 507 2637 quim
534 2537 764 2636 eloquentiam
785 2560 883 2610 suam
899 2537 1082 2634 opposuit?
1107 2539 1169 2640 qui

45 2655 215 2730 accinctus⁴
240 2672 277 2730 et
293 2655 423 2743 minax,
449 2651 609 2725 disertam
635 2652 789 2750 quidem,
813 2653 875 2726 sed
898 2652 1168 2748 inexercitatam,

46 2785 69 2838 et
89 2773 247 2868 ejusmodi
270 2743 494 2844 cdrtaminum
520 2770 645 2842 rudem
661 2769 811 2842 Helvidii
835 2768 1032 2866 sapientiam
1055 2769 1167 2846 elusit.

46 2881 127 2956 Plura
141 2889 182 2960 de
198 2887 342 2960 utilitate
358 2909 430 2956 non
442 2885 533 2974 dico,
546 2884 602 2958 cui
614 2884 700 2981 parti
717 2883 858 2958 minime
874 2886 1169 2962 contradicturum

46 2995 221 3076 llatemum
238 3026 358 3075 meum
375 2999 530 3073 arbitrer.

84 3242 112 3305 6.
135 3239 195 3308 Au
226 3233 438 3330 voluptatem
467 3231 624 3306 oratoriae
654 3231 858 3330 eloquentiae
886 3248 1035 3320 transeo,
1072 3235 1172 3332 cujus

47 3347 226 3440 jucunditas,
252 3373 324 3420 non
344 3371 414 3420 uno
431 3346 546 3445 aliquo
573 3365 763 3436 momento,
787 3348 848 3420 sed
877 3347 1036 3420 omnibus
1062 3370 1173 3443 prope

49 3460 157 3554 diebus,
197 3483 232 3538 et
264 3489 373 3561 prope
405 3465 566 3536 omnibus
595 3464 688 3535 horis
721 3461 898 3560 contingit.
944 3447 1046 3556 'Quid
1079 3461 1174 3550 enim

50 3575 159 3653 dulcius
183 3581 292 3654 libero
310 3596 344 3652 et
360 3579 511 3679 ingenuo
534 3579 662 3668 animo,
687 3596 722 3654 et
737 3581 782 3653 ad
797 3578 988 3674 voluptates
1013 3576 1175 3656 honestas

50 3709 123 3784 nato,
145 3696 250 3795 quam
275 3695 392 3770 videre
418 3695 557 3792 plenam
585 3719 722 3792 semper
737 3711 772 3766 et
787 3691 1004 3790 frequentem
1026 3693 1173 3766 domum

50 3826 125 3882 tuam
144 3837 313 3888 concursu
335 3810 688 3908 splendidissimorum
709 3807 916 3884 hominum?
941 3807 1046 3906 idque
1071 3807 1173 3897 scire,

64 4123 69 4134 .
81 4044 89 4072 ¹
101 4051 208 4112 Amittit
219 4055 350 4114 studium.
383 4053 416 4110 ld
430 4060 480 4121 est,
493 4054 579 4112 omit·¹
627 4053 700 4110 iufra
712 4072 778 4129 cap.
791 4059 820 4120 7.

55 4131 86 4182 lt·
119 4133 313 4211 Antitterepro
325 4135 451 4192 omittere
464 4133 574 4191 dictum
667 4127 803 4210 ³Nuper
818 4131 924 4222 Eprius
935 4128 1102 4190 Marcellus.
1141 4128 1178 4188 Id

56 4215 351 4342 tpptquetupranunul.
361 4232 397 4272 11.
407 4221 495 4281 71.et
507 4231 589 4340 xiv...
628 4224 773 4361 ming?
784 4205 1083 4352 ‘qppiqqtlpqstqqelliihs
1142 4286 1179 4348 “a

84 4361 161 4427 ι1]ιὶ
182 4371 346 4453 injudicio.
387 4377 476 4452 Apud
511 4393 577 4432 cen·
629 4374 790 4432 accinctus.-
807 4382 841 4432 ut
853 4335 974 4434 Ursulus
986 4381 1015 4430 et
1027 4309 1180 4432 sedulius

58 4445 186 4522 tumuitos;
206 4455 240 4514 de
260 4457 364 4536 quibus
378 4455 450 4518 luou
465 4456 577 4538 dicetur
627 4455 689 4531 jam
703 4454 826 4516 voluere.
