2859 4950
273 274 330 339 146
635 282 669 339 C.
691 282 888 341 CORNELII
909 284 1046 342 TACl'l'l

268 456 401 507 novum
419 432 477 507 tibi
492 433 563 531 ipse
581 436 759 534 negotium
775 436 1006 534 imponisses,
1023 439 1240 531 Domitium‚¹
1255 459 1286 513 et
1301 442 1381 515 Cato·

268 574 373 622 nem:
399 550 434 621 id
451 569 514 643 est,
539 569 671 623 nostras
688 578 828 649 quoque
845 552 1012 641 historias,
1037 571 1072 627 et
1090 556 1245 629 Romana
1258 557 1382 643 nomina,

272 668 481 739 Graecorum
497 664 621 739 fabulis
637 692 855 766 aggregares.

320 910 355 969 4.
382 898 439 971 Er
471 902 661 975 Maternus
672 902 936 975 :Perturbarer
957 902 1023 977 haic
1049 902 1110 975 tud
1130 904 1310 992 seueritate,
1337 900 1382 973 nisi

268 1008 430 1112 frequens
445 1040 485 1088 ac
502 1016 636 1089 assidua
662 1015 770 1088 nobis·
783 1018 955 1089 contentio
968 1020 1040 1116 jam
1056 1044 1164 1116 prope
1182 1020 1219 1090 in
1234 1035 1384 1091 cousuetu-

269 1128 385 1203 dinem
401 1132 566 1204 vertisset.
592 1132 685 1203 Nam
702 1156 766 1203 nec
784 1149 823 1203 tu
839 1132 965 1230 agitare
979 1123 1017 1205 ¹et
1031 1132 1163 1229 insequi
1179 1152 1295 1231 poetas
1307 1132 1384 1203 iuter-

269 1246 386 1335 mittis,
411 1264 444 1319 et
472 1274 551 1345 ego,
576 1248 632 1319 cui
658 1248 822 1320 desidiam
838 1249 1100 1321 advocationum
1116 1249 1246 1348 objicis,
1270 1245 1386 1345 quotidi-

174 1361 181 1375 ’
269 1390 376 1437 anum
409 1364 474 1435 hoc
505 1362 732 1457 patrocinium
764 1361 991 1437 defendendae
1023 1364 1188 1439 adversus
1215 1390 1249 1437 te
1272 1362 1385 1461 poetica

270 1505 427 1553 exerceo.
460 1480 565 1574 ‚Qud
593 1480 692 1556 laetor
718 1480 839 1577 magis,
864 1482 1019 1553 oblatum
1043 1482 1143 1553 nobis
1164 1482 1324 1579 judicem,
1345 1476 1386 1573 qti

186 1614 188 1619 ’
270 1620 326 1668 me
343 1596 398 1667 vel
414 1595 449 1665 in
466 1594 623 1665 futurum
640 1609 732 1666 vetet
747 1620 866 1667 versus
881 1593 1086 1685 facere,vel,
1103 1600 1198 1693 quod
1211 1595 1387 1696 jampriden

268 1727 365 1808 opto,
391 1709 454 1781 suti
471 1734 609 1806 quoque
625 1710 824 1783 auctoritate
853 1712 1049 1807 compellat,
1074 1728 1113 1783 ut
1129 1713 1261 1785 omissis
1275 1708 1387 1782 forensi·

268 1852 329 1899 um
347 1850 527 1898 causarum
543 1823 718 1922 angustiis,
743 1824 778 1895 in
795 1824 919 1921 quibus
936 1826 1014 1897 satis
1029 1826 1113 1897 mihi
1130 1853 1300 1924 superque
1314 1824 1388 1897 suda·

268 1960 343 2017 tum
356 1926 419 2031 est,
429 1940 632 2014 sanctiorem
641 1942 739 2013 istam
751 1958 785 2011 et
794 1941 1027 2039 augustiorem
1044 1943 1274 2041 eloquentiam
1290 1940 1386 2013 colun.

316 2190 352 2251 5.
378 2179 460 2250 Eoo
490 2176 589 2264 vero,
613 2174 723 2272 inquit
756 2176 945 2263 Secundus,
970 2173 1155 2272 antequim
1182 2202 1240 2247 me
1265 2171 1389 2272 judicem

267 2300 366 2391 Aper
382 2310 528 2381 recuset,
553 2290 688 2379 faciam,
706 2292 800 2387 quod
818 2291 917 2386 probi
934 2309 968 2362 et
984 2292 1128 2363 modesti
1141 2293 1275 2390 judices
1290 2289 1388 2367 solent,

266 2410 355 2485 utin
373 2410 425 2483 his
451 2408 702 2508 cognitionibus
720 2432 756 2479 se
778 2425 957 2497 excusent,
981 2407 1018 2478 in
1045 2408 1169 2505 quibus
1195 2403 1388 2503 manifestum

265 2547 329 2617 est,
352 2514 490 2599 alteram
510 2524 602 2619 apud
618 2548 676 2594 eos
693 2541 824 2618 partem
842 2523 951 2620 gratia
967 2523 1164 2619 praevalere,
1217 2523 1304 2619 Quis
1319 2518 1389 2591 enin

264 2643 384 2731 nescit,
409 2641 583 2712 neminem
611 2639 695 2708 mihi
725 2637 994 2734 conjunctiorem
1021 2665 1094 2710 esse
1111 2657 1144 2710 et
1161 2665 1227 2710 usu
1247 2632 1390 2714 amicitia,

265 2777 299 2830 et
332 2755 530 2828 adsiduitate
562 2754 789 2841 contubernii,
815 2754 921 2849 quim
950 2755 1101 2826 Saleium
1127 2757 1299 2842 Bassum‚²
1327 2740 1395 2821 cum

265 2872 434 2969 optimum
467 2870 593 2955 virum,
624 2884 697 2947 tum
731 2869 1018 2941 absolutissimum
1051 2870 1213 2964 poetam?
1249 2865 1348 2965 porrd
1375 2858 1393 2928 sl

263 2987 395 3084 poetica
428 3001 619 3071 accusatur,
652 3007 724 3054 non
750 2983 855 3054 alium
881 2984 981 3056 video
1012 3011 1111 3056 reum
1141 2985 1392 3082 locupletiorem.

265 3107 415 3178 Securus
442 3100 496 3189 sit,
528 3099 649 3197 inquit·¹
667 3101 783 3195 Aper,
809 3118 842 3171 et
871 3101 1002 3172 Saleius
1026 3104 1164 3190 Bassus,
1199 3118 1235 3173 et
1264 3091 1393 3196 quisquis

262 3219 348 3291 alius
380 3216 531 3290 studium
560 3213 702 3311 poeticae
730 3235 763 3286 et
797 3215 987 3286 carminum
1013 3212 1158 3313 gloriam
1191 3213 1299 3301 fovet,
1327 3210 1393 3282 con

263 3359 380 3406 causas
406 3357 508 3430 agere
530 3355 601 3402 non
623 3331 738 3427 possit.
790 3333 869 3428 Ego
897 3332 1003 3419 enim,
1029 3349 1195 3427 quatenus
1223 3321 1391 3402 arbitrnm³

260 3448 327 3519 litis
344 3450 445 3544 hujus
461 3447 587 3534 inveni,
612 3471 683 3517 non
700 3445 819 3542 patiar,
845 3449 1044 3517 illatemum
1071 3445 1232 3536 societate
1260 3441 1391 3539 plurium

261 3559 421 3634 defendi:
449 3563 507 3632 sed
526 3579 558 3632 ct
576 3562 688 3656 ipsum
706 3563 819 3632 solum
837 3561 927 3656 apud
944 3587 1005 3631 vos
1022 3585 1178 3657 arguam,
1196 3561 1295 3656 quod
1310 3571 1392 3628 natus

300 3853 310 3884 ¹
328 3856 493 3914 Domitium.
534 3857 695 3914 Romanum
712 3870 810 3931 trago·
868 3867 890 3913 l.
909 3856 1099 3914 Veientonem
1117 3856 1256 3930 poeticum
1274 3846 1390 3930 ingenium

260 3939 315 3996 diae
340 3948 549 4013 arguuuntuni.
591 3937 736 3994 Domitius
761 3938 809 3993 illc·
862 3938 948 3993 Saleii
962 3937 1130 4013 Russijuit,
1151 3955 1200 3993 nec
1218 3937 1392 4010 ipsumme-

259 4019 346 4076 fuisse
359 4017 427 4074 milii
443 4017 562 4088 videtur,
580 4017 641 4092 qui,
654 4018 734 4074 lulio
747 4019 809 4072 Cae·
863 4027 922 4074 tute
934 4026 1081 4074 uncturum.
1382 4080 1388 4094 ι

258 4099 312 4156 sari
334 4097 542 4163 infensissimus,
565 4096 730 4154 l'haisalicd
748 4099 810 4153 acio
903 4093 914 4124 ³
935 4097 1079 4162 (illatenus
1098 4096 1245 4153 arbitrum.
1286 4081 1391 4160 Quando

258 4179 409 4236 occubuit.
450 4177 712 4254 Docoplururitle
730 4178 807 4253 apud
862 4189 898 4245 te,
920 4178 1059 4245 Secunde,
1085 4177 1225 4233 arbitrum
1247 4174 1303 4231 litis
1323 4165 1390 4238 hujus

260 4259 429 4316 Suetonium
445 4256 474 4311 in
489 4257 557 4314 Nor.
574 4275 608 4315 11.
861 4257 964 4313 inveni.
986 4255 1131 4320 Quatenus
1143 4275 1195 4333 pro
1208 4253 1314 4332 qnando
1326 4260 1390 4306 tout·

299 4335 312 4363 ²
343 4337 462 4404 Saleium
497 4337 622 4395 Bassum.
673 4337 719 4393 De
749 4356 808 4412 quo
860 4351 960 4412 qiattnn
976 4338 1039 4413 jam
1062 4337 1183 4395 vidimus
1204 4321 1389 4415 supraemal·

259 4419 465 4492 Quintilianus,
487 4417 617 4478 Institit.
639 4415 753 4476 Orator.
776 4436 808 4476 x.
861 4435 908 4476 111.
930 4413 976 4479 16.
