2859 4950
337 322 548 385 DlALOGUS
571 321 627 381 DE
649 320 921 381 ORATORIBUS.
1148 329 1205 384 155

77 479 252 580 auspicatus
267 506 359 570 sum,
375 496 450 553 tum
478 478 632 577 quidem,
657 476 744 549 ciam
763 475 801 547 in
826 478 969 549 Nerone
985 475 1207 574 improbam,⁸

76 616 104 669 et
118 598 305 671 studiorum
327 620 466 694 quoque
490 620 585 669 sacra
601 591 840 690 profanantem
857 592 981 665 Vatinii
997 595 1208 690 potentiam¹

74 712 171 810 fregi:
197 730 232 785 et
265 712 367 784 hodie
397 712 424 782 si
451 710 534 807 quid
560 710 596 781 in
626 708 726 780 nobis
750 706 879 779 notitiae
905 733 945 781 ac
971 709 1120 783 nominis
1143 728 1209 803 est,

75 828 170 925 magis
185 827 334 899 arbitror
351 825 556 913 carminum,
573 822 680 920 quim
697 822 892 893 orationum
912 824 1024 920 glorii
1046 844 1206 921 partum:

73 966 104 1014 ac
123 946 193 1040 jam
219 968 280 1015 me
295 945 474 1039 sejungere
497 940 519 1011 a
544 936 672 1015 forensi
692 937 809 1009 labore
825 938 997 1026 constitui,
1021 964 1085 1013 nec
1102 942 1210 1014 comi.

72 1074 148 1131 tatus
166 1060 264 1147 istos,
281 1074 315 1130 et
339 1080 510 1154 egressus,
532 1070 591 1126 aut
614 1051 844 1149 frequentiam
868 1053 1110 1127 salutationum
1126 1082 1210 1129 con.

71 1174 219 1269 cupisco:
247 1197 322 1253 non
345 1171 455 1270 magis
480 1169 588 1267 quim
612 1172 704 1256 aera,³
733 1186 768 1239 et
791 1166 971 1265 imagines,
996 1195 1076 1265 quae
1092 1171 1208 1262 etiarn,

70 1311 118 1359 me
140 1291 294 1379 nolente,
322 1289 358 1361 in
384 1290 530 1359 domum
555 1308 672 1357 meam
697 1283 912 1379 inruperunt.
962 1286 1056 1357 Nam
1081 1303 1210 1361 aratum

70 1403 265 1503 hucusque⁴
289 1430 328 1476 ac
351 1402 568 1477 securitatem
592 1398 727 1471 melius-
741 1399 936 1473 innocentii
959 1417 1073 1489 tueor,
1099 1402 1209 1499 quim

69 1518 278 1614 eloquentia:
305 1544 368 1591 nec
385 1541 521 1605 vereor,
549 1538 592 1587 ne
609 1512 694 1585 mihi
721 1536 887 1609 umquam
902 1517 1008 1588 verba
1022 1516 1059 1587 in
1074 1535 1209 1611 senatu,

70 1631 123 1703 nisi
136 1659 200 1729 pro
216 1635 359 1707 alterius
371 1630 591 1721 discrimine,⁵
608 1628 764 1701 facienda
779 1629 856 1705 sint.

1186 1794 1205 1834 Ι

114 1874 166 1938 12.
190 1868 373 1939 Nemone
399 1864 500 1955 verb,
527 1882 561 1938 et
590 1862 672 1952 luci,
698 1880 733 1936 et
761 1880 933 1935 secretum
958 1862 1085 1959 ipsum,
1110 1864 1208 1960 quod

70 1978 156 2073 Aper
169 1980 383 2078 increpabat,
399 1999 528 2053 tantam
544 1979 628 2053 mihi
649 1978 797 2056 afferunt
816 1978 1040 2074 voluptatem,
1056 1998 1096 2051 ut
1117 1979 1208 2052 inter

68 2096 252 2195 praecipuos
268 2099 459 2171 carminum
482 2094 617 2171 fructus
642 2118 839 2183 numerem,
862 2093 960 2191 quod
985 2093 1103 2169 necin
1122 2112 1208 2169 stre-

103 2434 111 2463 ¹
145 2440 183 2500 ln
210 2440 329 2500 Nerone
352 2440 510 2518 improbam.
550 2442 608 2499 lm·
646 2438 726 2499 „cius
749 2436 927 2506 emendabat,
949 2454 1030 2513 quam
1050 2452 1125 2496 cera.
1165 2436 1207 2496 nt

70 2521 150 2592 proba
172 2523 237 2580 haec
257 2523 286 2578 in
313 2523 424 2578 Nerone
447 2521 605 2580 carminum
662 2519 760 2596 potiris
780 2517 970 2575 intellexerim
989 2529 1052 2573 tum
1074 2515 1109 2570 de
1127 2517 1205 2573 aereia

69 2601 162 2672 studia,
176 2621 244 2679 quae
267 2603 383 2659 Lucano
400 2601 520 2676 aliisque
533 2601 607 2658 mul·

69 2679 99 2735 tis
113 2681 140 2738 in
152 2683 277 2740 exitium
290 2701 404 2751 cessere,
416 2683 539 2740 narravit
550 2682 607 2739 Tu·

70 2759 354 2821 citusAnnal.x1v.
380 2757 426 2822 16.
457 2763 605 2838 lmproboa

69 2858 174 2930 quoque
197 2843 319 2900 Neronis
343 2862 437 2900 versus
457 2843 557 2901 recitat
577 2855 606 2902 et

69 2923 157 2981 rmdet
170 2925 294 2993 Persius,
309 2941 330 2982 1.
345 2929 395 2992 99.

72 3049 135 3124 Turro
147 3055 301 3097 Memnonen
314 3055 440 3106 implerunt
449 3065 536 3095 cornua
549 3055 605 3094 dom

72 3167 96 3206 H
104 3115 194 3223 :didm
202 3174 274 3214 vitulo
282 3177 353 3223 captu
362 3171 471 3211 ablatura
477 3171 571 3220 superbo

73 3226 172 3280 Bouaria,
179 3238 200 3272 et
207 3235 295 3281 lyncem
306 3231 483 3282 Mena-afletam
491 3230 601 3278 corymute

73 3283 133 3328 Evina
141 3293 278 3341 ingeminat.-
291 3290 528 3344 repercutiendam
537 3289 605 3330 Eeho.

75 3419 107 3477 lli
120 3425 192 3482 enim
203 3443 298 3481 versus
312 3425 435 3483 Neronis
447 3432 523 3494 sunt,
538 3433 606 3480 teste

73 3514 152 3561 vetere
165 3505 252 3562 Persii
268 3504 432 3563 Scholiasta.
458 3506 615 3562 Vesanum.

74 3578 146 3640 illum
172 3585 306 3652 furorem,
333 3585 453 3642 Neronis
477 3581 605 3662 potentia

72 3664 225 3736 subnixum,
236 3665 317 3740 fregit
331 3665 362 3720 M
366 3679 487 3728 aternus.
530 3665 605 3740 Ergo

73 3745 228 3830 recitatione
260 3746 460 3822 tragediarum
499 3745 604 3802 famam

75 3841 82 3877 l
313 3849 317 3856 '
376 3869 383 3884 .
428 3868 436 3884 .
474 3871 480 3883 .
556 3868 563 3883 .

85 3825 605 3984 nidetsiriiitpidiitiiumUliisairiquit

76 3981 207 4059 Vatinius,
221 3989 271 4064 qui
286 3985 524 4064 interjiedisaimn
547 3988 605 4044 Ne·

76 4069 184 4125 ronianae
196 4067 267 4126 aule
277 4065 466 4144 ostentasan't.
488 4067 532 4123 De
546 4085 603 4143 quo

77 4145 147 4218 plura
159 4167 245 4226 supra
259 4147 363 4206 Annal.
378 4164 433 4204 xv.
445 4151 492 4204 34.
515 4147 601 4205 Scur-

662 2599 773 2670 statuis‚
801 2609 862 2655 tum
890 2595 1015 2653 maxime
1040 2596 1075 2652 do
1099 2595 1206 2653 tabulis

662 2679 756 2748 aneis,
768 2697 834 2755 quae
843 2679 872 2734 in
882 2688 1066 2754 patronorum
1074 2676 1206 2734 domibus

661 2759 679 2817 d
697 2759 817 2820 coloniis
829 2757 1049 2833 municipiisque
1063 2759 1206 2832 poneban-

661 2852 718 2898 tur.
738 2841 838 2898 Talem
849 2839 977 2896 tabulam
986 2838 1206 2897 memoravimus

660 2940 757 2994 supra.

699 2998 813 3059 tNam
842 3006 948 3058 etatum
977 2998 1124 3076 lucusque.
1156 3000 1206 3058 Sic

660 3083 820 3140 emendavit
840 3079 962 3157 Lipsius.
1003 3079 1077 3136 Vide
1097 3091 1157 3138 not.
1176 3093 1206 3138 et

660 3164 769 3220 emend.
784 3163 820 3220 ad
836 3181 901 3238 cap.
916 3168 963 3218 ll.
985 3156 1044 3216 llic
1054 3173 1151 3218 autem
1164 3179 1207 3218 re·

660 3234 735 3301 futat
753 3244 910 3308 Maternus,
931 3257 995 3315 quoe
1009 3244 1088 3315 Aper
1107 3241 1207 3298 attulit
1282 3257 1288 3268 ¹

660 3342 725 3406 cap.
740 3330 768 3380 5.
790 3322 822 3380 Si
835 3320 979 3398 proprium
996 3318 1150 3393 periculum
1164 3322 1208 3378 in.

660 3405 779 3480 crepuit,
789 3421 837 3462 reo
850 3410 878 3458 et
888 3398 1064 3475 periclitanti
1083 3399 1207 3458 finnissi-
1318 3457 1321 3463 ,

660 3504 739 3542 mum
768 3503 826 3541 ecee
857 3480 1017 3556 eloquentie
1034 3481 1205 3556 ,presidium

662 3565 745 3622 simul
754 3572 781 3620 et
791 3563 884 3620 telum.

701 3643 712 3676 ⁵
735 3643 794 3700 Pro
817 3641 933 3699 ulterius
954 3640 1121 3700 discrimine.
1143 3642 1207 3720 Op·

660 3725 741 3784 time.
781 3724 890 3782 Contra
908 3723 974 3778 verd
991 3723 1095 3797 vulgus
1111 3733 1206 3780 orato-

661 3825 736 3876 rum,
767 3802 956 3862 delationibus
989 3802 1102 3872 infame,
1135 3803 1204 3862 crim

660 3875 980 3958 auctoritatefamdque,
1003 3883 1116 3939 Nerone
1125 3884 1205 3941 Pn'n-

660 3967 734 4042 cipe,
753 3967 914 4042 viguissent,
935 3975 1005 4020 tunc
1025 3965 1079 4037 sub
1103 3966 1206 4039 aequis-

660 4049 732 4105 simo
750 4045 916 4124 Vespasiani
927 4043 1101 4120 principatu,
1114 4045 1143 4100 in
1152 4046 1202 4118 jus

661 4129 847 4196 vocabantur,
859 4139 889 4183 et
906 4142 1023 4203 proauo
1038 4123 1091 4199 ipsi
1106 4123 1206 4188 discri-

76 4227 162 4286 n'libua
180 4229 256 4306 jocis
285 4227 418 4306 ludisque
443 4227 601 4284 studiorum
658 4208 983 4306 mifflfflssssssjnffltu
998 4203 1158 4272 faciebam
1172 4217 1207 4267 ut

75 4323 146 4366 sacra
168 4311 344 4385 profanabat.
384 4307 460 4366 Vide
490 4317 549 4365 not.
575 4309 615 4366 et'
657 4283 1207 4365 ⁶⁰¹¹2¹ss¹fl⁴³PV⁰M³s⁰⁰¹l⁰¹quemAPVF

76 4390 171 4446 erricud.
183 4391 219 4447 ad
233 4409 297 4468 cap.
316 4397 361 4446 ll.

109 4461 225 4538 ³Quam
250 4490 317 4535 aere.
352 4467 490 4532 Eruditus
514 4468 601 4545 Cuja·

657 4367 824 4432 laudaverat
835 4385 924 4448 supra
937 4382 1002 4442 cap.
1016 4369 1045 4421 5.
