2859 4950
262 352 318 417 116
619 352 654 413 C.
676 352 876 412 CORNELII
895 352 1033 413 TACITl

259 518 286 555 “
311 535 402 609 saepe
418 506 454 581 in
470 506 620 609 agmine,
637 506 805 580 cdm'vos
821 506 977 607 paludes,
993 527 1183 599 montesve,
1208 527 1242 584 et
1267 511 1391 593 flumina

260 634 287 669 “
312 623 505 725 fatigarent,
533 622 706 698 fortissimi
732 626 901 722 cujusque
919 649 1023 698 voces
1049 627 1242 717 audiebam,
1268 630 1389 725 quandd

260 750 286 785 “
312 742 449 818 dabitur
475 740 594 831 hostis,
624 740 765 838 quando
795 738 907 813 acies?
940 740 1092 815 Veniunt
1127 741 1148 816 ὲ
1178 744 1311 817 latebris
1336 745 1390 817 suis

259 862 287 901 ‘⁶
311 856 462 931 extrusi:
500 874 534 931 et
561 873 642 930 vota
670 856 848 953 virtusque
876 856 912 927 in
935 874 1068 953 aperto,
1094 840 1285 959 onmiaque'
1300 886 1390 958 prona

259 982 285 1019 ‘⁶
310 972 509 1063 victoribus
537 989 640 1071 atque
665 972 786 1045 eadem
809 971 907 1046 victis
932 974 1083 1047 adversa„
1125 976 1221 1049 Nam
1247 995 1285 1050 ut
1308 1003 1389 1072 supe-

157 1124 167 1133 *
258 1098 284 1133 “
310 1090 403 1165 risse
419 1108 554 1164 tantum
580 1090 720 1179 itineris,
742 1090 854 1187 sylvas
880 1090 1036 1180 evasisse,
1060 1089 1220 1165 transisse
1242 1093 1388 1180 memma,

258 1214 284 1250 “
309 1208 497 1305 pulchrum
512 1230 552 1279 ac
569 1207 736 1279 decorum
751 1204 789 1277 in
812 1202 986 1297 frontem;
1001 1212 1011 1241 ¹
1035 1206 1082 1280 ita
1097 1205 1306 1307 fugientibus
1319 1208 1388 1305 pen‘-

142 1407 147 1416 ι
259 1331 284 1367 ‘⁶
310 1323 534 1412 culosissima,
551 1348 630 1421 quae
652 1321 756 1396 hodie
772 1322 1003 1419 prosperrima
1019 1329 1126 1395 sunt.2
1173 1326 1300 1421 Neque
1314 1325 1386 1396 enin

259 1447 285 1481 ‘⁶
309 1439 409 1512 nobis
425 1454 483 1511 aut
495 1439 652 1513 locorum
666 1441 787 1513 eadem
802 1438 934 1529 notitia,
947 1456 1006 1511 aut
1018 1458 1276 1513 commeatuum
1288 1441 1386 1518 eadent

258 1563 283 1601 “
309 1556 532 1629 abundantia:
551 1557 611 1628 sed
629 1580 766 1646 manus,
779 1572 814 1629 et
829 1560 949 1644 arma,⁶
966 1555 1053 1628 etin
1068 1555 1122 1629 his
1138 1555 1265 1628 omnia
1299 1558 1385 1650 Quod

257 1672 352 1743 “ad
380 1696 436 1743 me
464 1670 596 1760 attinet,
620 1674 693 1771 jam
717 1670 852 1768 pridem
877 1670 962 1747 mihi
994 1672 1173 1744 decretum
1206 1690 1270 1761 est,
1294 1696 1386 1768 neque

258 1794 283 1829 ‘⁶
309 1784 496 1875 exercitiis,
535 1808 648 1884 neque
687 1786 785 1875 ducis
818 1803 916 1885 terga
948 1803 1021 1858 tuta
1054 1812 1137 1859 esse.
1187 1787 1334 1871 Proinde
1362 1804 1386 1858 et

257 1908 283 1944 ‘⁶
310 1900 451 1973 honesta
467 1926 562 1986 mors
584 1900 676 1999 turpi
692 1901 913 2000 viti‘potior3
940 1919 975 1974 et
995 1902 1211 1976 incolumitas
1229 1930 1270 1977 ac
1289 1905 1387 1988 decus,

258 2016 433 2089 “eodem
467 2017 544 2091 loco
577 2018 638 2091 sita
665 2036 767 2091 sunt:
792 2044 857 2092 nec
889 2018 1077 2117 inglorium
1111 2016 1229 2115 fuerit,
1263 2020 1300 2093 in
1329 2017 1387 2119 ipso

257 2138 478 2214 “terrarum
501 2157 540 2207 ac
557 2150 688 2208 nattuae
706 2134 776 2208 fine
793 2133 992 2209 cecidisse.”
1095 2212 1100 2217 ,

307 2382 366 2443 34.
393 2372 484 2443 ‘⁶81
515 2394 615 2443 novae
641 2385 762 2470 gentes
788 2385 892 2466 atque
920 2367 1039 2467 ignota
1064 2366 1152 2441 acies
1179 2369 1384 2443 constitisset:

257 2495 284 2531 ‘⁶
307 2487 454 2560 aliorum
470 2487 686 2562 exercituum
703 2485 871 2582 exemplis
892 2470 955 2557 vos
979 2484 1158 2556 hortarer:
1184 2510 1280 2559 nunc
1295 2503 1386 2558 vestra

256 2611 283 2646 ‘⁶
309 2605 434 2676 decora
463 2622 650 2693 recensete,
679 2620 812 2676 vestros
840 2603 961 2674 oculos
986 2601 1205 2700 interrogate.
1258 2603 1386 2683 nsunt,

257 2713 397 2814 “'quos
437 2719 598 2816 proximo
635 2743 741 2807 anno,
780 2743 884 2791 unam
923 2717 1120 2816 legionem⁴
1159 2715 1258 2790 furto
1296 2712 1387 2789 noctis

257 2843 282 2880 ‘⁶
308 2835 501 2932 adgressos
527 2836 678 2908 clamore
704 2834 921 2908 debellistis:
947 2833 970 2905 ii
998 2851 1193 2932 ceterorum
1228 2834 1386 2907 Britanno

256 2958 282 2992 “
308 2974 387 3021 rum
405 2947 631 3049 fugacissimi:
656 2951 803 3049 ideoque
815 2950 946 3023 tamdiu
962 2949 1168 3048 superstites.
1213 2945 1385 3046 Quomodd

257 3073 283 3110 ‘⁶
308 3067 419 3163 sylvas
459 3067 632 3166 saltusque
667 3067 937 3166 penetrantibus,
977 3064 1204 3139 fortissimum
1240 3065 1384 3165 quodque

257 3189 282 3225 “
308 3182 432 3268 animal
449 3200 570 3255 contra
585 3209 699 3273 ruere,
716 3185 838 3282 pavida
853 3201 888 3256 et
909 3182 1029 3254 inertia
1043 3182 1118 3278 ipso
1134 3181 1280 3280 agminis
1295 3178 1384 3253 sono⁵

257 3305 282 3346 ‘⁶
307 3299 505 3404 pelluntur3
533 3298 580 3372 sic
606 3299 763 3374 acerrimi
788 3299 1035 3372 Britannorum
1060 3299 1133 3404 jam
1157 3297 1293 3394 pridem
1316 3289 1384 3368 ceci·

299 3611 309 3639 ¹
332 3615 511 3694 Insrontrm.
533 3619 565 3675 In
582 3619 715 3696 speciem.
751 3619 800 3677 Sic
857 3619 969 3694 giebant
984 3615 1116 3684 Romani,
1131 3613 1380 3694 periculosissimum

259 3697 375 3764 Seneca,
388 3697 501 3754 Consul.
515 3699 550 3754 nd
570 3697 715 3770 Helvium,
736 3719 802 3776 cap.
855 3713 927 3755 erat.

259 3781 287 3832 ⁵.
309 3777 410 3854 Itaque
428 3797 479 3853 ego
500 3779 527 3834 in
546 3781 612 3847 illis,
630 3800 689 3856 qni:
709 3799 800 3838 omues
897 3775 909 3808 ³
931 3776 988 3835 Sea
999 3796 1105 3846 munus,
1119 3781 1147 3830 et
1159 3771 1247 3832 arira.
1280 3771 1324 3830 Sic
1340 3767 1381 3823 fre

257 3864 366 3932 optant,
394 3859 548 3918 ertu-timum
580 3879 696 3936 semper,
731 3861 802 3916 nihil
858 3857 904 3915 md
927 3857 1033 3926 Livius,
1057 3875 1088 3913 v.
1109 3861 1159 3912 42.
1180 3853 1270 3913 Arma
1290 3846 1380 3907 iunii*

257 3937 318 3993 teri
345 3938 407 3994 duni
434 3939 538 3997 inesse:
562 3939 628 4015 puin
651 3939 747 3997 inania
773 3949 801 3996 et
847 3939 1016 4016 ferrumque
1040 3939 1070 3993 in
1091 3936 1208 4007 deutris,
1232 3935 1306 3992 reiut
1324 3927 1381 3993 solat

256 4019 376 4090 specioso
394 4037 427 4076 uc
440 4019 588 4096 decepture
598 4019 672 4097 sum
686 4021 803 4077 circum·
859 4019 991 4096 reliquias
1002 4018 1062 4094 spei
1074 4037 1140 4085 suoe,
1152 4017 1298 4074 intuentes.
1366 4081 1380 4092 Η

257 4097 310 4154 lira
337 4098 438 4170 inveni,
469 4100 547 4157 intrd
574 4097 646 4156 nihil
674 4099 803 4158 habentia
896 4096 1026 4156 ⁴Unum
1042 4096 1186 4174 legionem.
1208 4087 1380 4170 Nonamlep

213 4203 219 4212 ·
245 4175 347 4254 Jiontr'
359 4200 414 4238 suu
427 4181 525 4239 simile.
858 4197 956 4248 onem;
978 4191 1012 4236 ut
1025 4179 1148 4234 vidimus
1159 4197 1245 4254 supra
1257 4193 1317 4249 cup.
1329 4173 1379 4252 9⁰3⁶

296 4253 310 4280 ²
332 4259 426 4318 Hodie
437 4261 712 4338 prosperrimamnt.
737 4261 801 4338 Syt-
899 4257 910 4291 ⁵
932 4259 1151 4335 Agminissono.
1180 4259 1250 4314 Haec
1263 4251 1379 4343 dehfflfu]

256 4358 304 4396 ras
323 4341 396 4396 enim
417 4342 548 4408 erasisse,
570 4337 699 4399 transisse
719 4355 803 4400 aestu-
858 4359 939 4406 num,
951 4358 1103 4418 equorum,
1120 4340 1378 4414 cauumagmuteffl·

256 4420 326 4483 aria,
361 4433 472 4478 tantum
509 4423 617 4480 itineris
656 4421 802 4498 superiuse
859 4421 964 4497 tettige.

257 4501 340 4557 hodie
354 4503 574 4580 prosperrimum
587 4516 645 4563 est:
660 4506 707 4566 sed
721 4506 743 4562 si
759 4505 804 4562 fu·
