2859 4950
245 322 306 374 454
657 304 995 366 submurmurent
1193 310 1368 382 nucem

246 468 334 557 ludi,
350 468 411 540 sed
427 464 597 537 dedecore
613 460 838 559 Imperatorio
855 458 952 534 foedi.
991 460 1186 559 Principem
1202 462 1286 536 enim
1298 464 1368 537 haud

246 585 370 686 puduit
402 581 532 655 cithari
566 581 738 652 ludicrum
766 579 802 651 in
835 579 980 649 modum
1007 602 1143 668 canere,
1180 604 1368 677 currumque,

247 700 384 801 prasini
401 701 518 785 veste‚¹
545 700 812 794 aurigarumque
830 694 960 785 habitu,
987 694 1125 792 agitare.

299 943 359 1005 43.
384 934 512 1005 lurra
531 932 606 1003 haec
623 926 821 1027 opprobria,
838 928 1002 999 indecoro
1019 926 1138 1025 populi
1156 929 1273 1025 plausu
1287 944 1370 1017 auca,

249 1048 431 1137 Tiridates,
458 1047 668 1122 Corbulonis
697 1046 859 1119 virtutem
887 1061 1061 1141 reputans,
1087 1068 1152 1117 nec
1168 1044 1372 1143 indignationis

202 1260 211 1265 .
249 1184 384 1263 potens,
394 1165 530 1237 scenico
540 1164 689 1259 Principi
706 1172 731 1205 “
747 1162 986 1235 Corbulonem
1001 1164 1136 1233 bonum
1153 1161 1373 1259 mancipium''¹

249 1283 440 1379 gratulatus
457 1298 518 1353 est.
570 1280 721 1353 Neronis
738 1297 903 1368 mentem,
920 1276 1038 1350 insani
1055 1277 1171 1350 laetitit
1185 1285 1310 1377 vagam,
1324 1300 1372 1348 non

247 1398 393 1471 advertit
409 1397 545 1470 barbari
561 1397 711 1469 audacia.
763 1400 874 1469 Immo
892 1394 1030 1493 publici
1048 1396 1092 1466 de
1117 1392 1257 1467 infamii
1274 1412 1371 1467 cettan·

91 1514 94 1528 '
170 1609 174 1617 1
249 1512 341 1587 tibus
356 1514 523 1611 Principis
548 1532 581 1586 et
598 1514 716 1611 populi
742 1512 875 1601 studiis,
902 1512 997 1610 quasi
1026 1535 1089 1607 per
1118 1510 1195 1584 haec
1222 1511 1373 1584 deridicula

250 1628 410 1702 confecto
437 1631 529 1703 bello
552 1628 774 1717 Armeniaco,
800 1630 898 1700 Nero
921 1630 1124 1723 Imperator
1149 1628 1371 1720 consalutatu3

251 1746 438 1841 laureique
455 1746 490 1816 in
508 1746 717 1842 Capitolium
740 1745 821 1834 lati,
846 1746 970 1819 lanum
1000 1742 1122 1816 clusit:
1138 1748 1147 1787 ³
1174 1744 1242 1819 hae
1257 1741 1374 1816 victoria

251 1860 414 1962 imagine,
440 1860 547 1958 quam
564 1860 698 1935 ludicro
716 1858 914 1949 certamine,
940 1857 1077 1934 foedior.

301 2104 361 2166 44.
390 2094 522 2165 Raoru
540 2111 655 2167 autem
671 2110 797 2182 certus,
815 2092 924 2167 Urbis
939 2090 1177 2190 Principisque
1194 2091 1376 2189 inclinatione

251 2235 350 2283 suam
366 2210 409 2281 ad
426 2209 604 2282 utilitatem
621 2234 704 2282 usus
721 2226 771 2281 est
788 2208 968 2281 Tiridates.
1019 2210 1095 2283 Jam
1120 2208 1257 2305 pridem
1281 2210 1378 2291 Roma,

251 2323 402 2399 fortunae
425 2352 497 2400 suae
522 2350 593 2399 non
619 2351 740 2421 capax,
766 2327 809 2397 ad
834 2342 1031 2425 portentosa
1047 2350 1083 2396 se
1106 2340 1334 2399 converterat:
1353 2319 1379 2389 iis

251 2443 448 2526 abundabat
462 2440 623 2516 Tiridatis
639 2442 729 2530 aula,
754 2458 873 2538 utpote
890 2440 963 2538 qui,
982 2440 1134 2514 Orientis
1151 2466 1264 2532 more,
1289 2459 1379 2513 recon-

252 2558 431 2631 ditioribus
453 2558 701 2632 mathematicae
719 2557 884 2630 doctrinae
901 2557 1029 2632 artibus
1046 2556 1268 2656 gloriabatur.
1294 2555 1379 2630 Seleu·

253 2673 309 2746 tiae
326 2674 433 2745 fidem
458 2670 603 2745 faciebat
619 2698 804 2746 numerosa
824 2698 1007 2771 magorum
1027 2673 1165 2763 cohors,
1192 2674 1303 2773 regios
1317 2673 1379 2742 inter

251 2787 394 2862 comites
422 2789 606 2884 praecipua.
658 2781 811 2884 Quirites
838 2790 881 2860 de
910 2814 959 2877 se,
996 2790 1039 2861 de
1067 2787 1200 2886 superis
1225 2787 1380 2886 inferisque

189 2996 192 3000 ι
252 2900 381 2976 sciendi
398 2903 557 2998 cupidine
572 2902 685 2976 statim
701 2904 844 2978 accensi.
884 2904 953 2976 Sed
971 2905 1062 3000 apud
1078 2905 1261 2979 Neronem
1277 2923 1380 3001 praepo

251 3035 349 3105 tuere
365 3042 500 3106 arcana,
512 3019 761 3118 semperpmalis
770 3019 984 3116 Principibus
996 3023 1042 3093 ob
1054 3017 1163 3094 futuri
1175 3019 1379 3096 formidinem,

235 3135 406 3250 ‘prodigis
430 3126 572 3233 propter
597 3161 705 3236 opum
735 3161 831 3234 spem
861 3153 968 3238 grata.
1020 3138 1097 3226 Jam
1121 3135 1278 3212 didicisse
1303 3133 1381 3210 ardet·

256 3541 377 3601 dictum.
412 3542 501 3601 Plura
514 3555 609 3604 autom
624 3549 688 3606 vide
703 3550 732 3606 in
745 3557 804 3608 not.
856 3547 1021 3607 TlONlS'
1042 3545 1141 3605 ALB.
1163 3545 1194 3602 id
1218 3551 1270 3612 est,
1296 3539 1377 3624 ullalcf·

256 3635 285 3680 et
318 3625 428 3679 emend.
460 3626 497 3681 ad
531 3629 637 3686 Annal.
671 3649 728 3688 xv,
755 3637 805 3688 42.
859 3627 1111 3687 FAC'l'IONlS
1155 3613 1378 3704 llUSSAleJ

258 3704 369 3772 Quanti
397 3718 466 3762 tunc
497 3705 590 3767 forent
613 3711 643 3767 in
668 3712 805 3771 conviviis
860 3707 1113 3766 FACTIONIS
1175 3693 1378 3762 VENETAb

257 3797 369 3841 sumtus
383 3787 515 3845 aestimari
531 3802 624 3866 potest
635 3812 671 3848 cx
685 3792 729 3860 iis,
741 3811 806 3868 qum
858 3809 906 3846 scu
956 3791 1089 3846 ceruleo.
1151 3771 1375 3843 FACTlOb'lS

256 3865 419 3924 notavimus
443 3887 531 3943 supra
551 3871 658 3929 Annal.
680 3891 735 3928 xv.
756 3879 805 3940 37.
859 3869 1078 3940 PRASlNAE,
1099 3867 1191 3936 idest,
1212 3863 1314 3922 uiridis.
1389 3883 1390 3894 ²

257 3945 381 4004 not-inl.
898 3945 1040 4006 ²Bonum
1053 3948 1227 4022 mancipium.
1267 3934 1376 4007 Dimisi·

859 4031 910 4089 cit.
952 4026 1068 4099 'Apulia
1091 4023 1244 4096 ddinnae,
1257 4005 1376 4099 ciriplssl‘l

300 4105 456 4166 'Prasino
471 4116 556 4167 vesle.
598 4105 668 4178 Dio,
686 4110 743 4167 loc.
756 4111 806 4168 cit.
859 4104 1097 4192 Knng'amigns.
1340 4173 1346 4190 .

259 4188 443 4263 Agitatorum
465 4189 601 4247 factiones
618 4190 738 4248 vestium
761 4209 809 4248 co·
901 4190 1031 4249 ³Joaum
1045 4189 1138 4247 clusit.
1164 4189 1278 4246 Sueten.
1290 4176 1374 4239 inber·

257 4268 318 4327 lore
343 4271 556 4330 noscebantur·
583 4267 653 4327 lnde
673 4271 702 4328 in
723 4273 806 4329 veteri
863 4289 939 4328 nur.
974 4269 1066 4328 Testis
1080 4264 1373 4347 quoquenummusaere

259 4367 401 4412 marmore
414 4349 492 4426 apud
506 4351 674 4422 Gruterum,
693 4373 723 4429 p.
737 4357 807 4418 337.
862 4371 974 4429 magno,
995 4369 1081 4428 quem
1102 4345 1215 4410 laudari
1238 4357 1315 4424 supr&
1333 4334 1372 4392 ᾸΓΓ

245 4427 694 4520 *memoraturAGITnTOR
708 4433 809 4494 FAC·
862 4431 920 4500 nal.
935 4449 1006 4494 xvr.
1019 4437 1069 4492 28.
1099 4493 1101 4503 ,
1128 4455 1134 4464 ·
