2859 4950
65 339 191 411 reu
354 275 466 432 mum
486 330 644 393 ocrim
665 332 908 414 sprituum.
1151 348 1209 407 sn
1303 286 1307 291 ¹

64 494 147 571 diem
185 488 339 591 primum
376 488 559 564 ludorum'
601 486 806 585 expectavit.
874 490 1017 567 inluxit·
1043 497 1208 591 tandem;

62 627 93 683 at
114 607 210 683 variis
237 606 372 682 casibus
403 605 628 704 praepeditus,
660 626 854 701 numquam
882 604 919 679 in
947 609 1060 683 scelus
1088 614 1208 709 patuit.

64 721 387 823 Quatuorqueque²
411 722 634 820 sequentibus
647 721 769 795 diebus
779 724 1039 821 conjuratorum
1056 744 1208 803 conster.

63 841 202 930 natione,
218 856 279 913 aut
294 836 497 935 ancipitibus
509 835 671 925 consiliis,
683 833 769 909 nihil
782 853 997 916 attentatum.

106 1079 162 1153 77.
186 1071 418 1146 Iunncnuns
432 1069 603 1146 ehaerea¹
628 1065 804 1161 factiosos,
816 1068 852 1143 in
865 1092 1211 1167 unumconvocatos,

64 1194 86 1233 ‘⁸
104 1191 223 1286 juratae
256 1187 338 1261 fidei
371 1184 554 1276 memorii,
583 1185 786 1283 proditionis
818 1204 927 1279 metu,
962 1190 1037 1264 Caii
1069 1190 1212 1288 impune

63 1304 267 1401 “quaelibet
317 1300 436 1376 'ausuri
492 1298 643 1389 licerii,
696 1325 890 1400 numquam
947 1304 1208 1383 intermoritura
1243 1328 1246 1333 ’

64 1420 261 1515 “patrandi
286 1416 448 1491 facirioris
471 1417 612 1517 glori?
642 1419 686 1491 ad
720 1419 899 1497 audaciam
925 1422 1063 1496 excitat.
1116 1422 1211 1497 Exin

64 1536 237 1633 paululum
269 1534 385 1626 silens,
427 1535 680 1631 exterritosque
725 1560 766 1610 ac
811 1552 928 1613 mutos
970 1540 1213 1637 obstupescere

63 1652 205 1741 miratus,
245 1651 409 1725 subnasci
446 1669 481 1725 et
514 1676 671 1751 quaerere
705 1658 731 1695 ‘⁴
761 1652 846 1751 quid
882 1673 1116 1745 morarentur,
1140 1655 1212 1729 'viri

63 1772 84 1808 “
106 1765 302 1841 fortissimi?
364 1770 500 1843 Adesse
528 1768 694 1842 ludorum
723 1768 817 1842 diem
845 1770 1046 1843 ultimam:4
1072 1768 1212 1863 Caium,

64 1883 215 1957 “effuso
250 1884 433 1975 nobilium,
467 1902 503 1959 et
535 1885 748 1982 optimorum
777 1912 999 1985 quorumque
1032 1886 1213 1987 sanguine,

62 2003 85 2039 ‘⁴
107 2000 355 2101 Alexandriam
371 2026 459 2077 mox
484 2000 766 2100 profecturum2⁵
792 2028 871 2077 suas
892 2002 1064 2093 libidines,
1082 2004 1213 2078 Roma·

63 2116 83 2155 “
103 2139 228 2191 norum
261 2114 437 2191 infamiam
474 2116 568 2191 terri
600 2120 756 2217 marique
789 2134 1053 2193 ostentaturum.
1121 2121 1211 2195 Haec

63 2234 84 2271 “
104 2230 274 2307 inaudisse
300 2233 531 2323 horrendum,
558 2230 652 2330 ferre
681 2232 790 2333 magis
807 2232 1022 2331 pudendum.
1074 2232 1210 2331 AEgyp·

61 2350 84 2449 ‘f
106 2347 203 2441 tium,
222 2348 356 2423 scelera
371 2375 533 2443 exosum,
556 2374 597 2424 ac
612 2348 704 2425 forte
723 2351 892 2439 ulturum,
908 2350 1049 2457 laudem
1066 2348 1210 2425 maximi

61 2467 85 2505 “
106 2460 264 2539 facinoris
280 2465 360 2563 ipsis
376 2483 643 2565 praerepturum.
695 2466 826 2565 Spretis
850 2491 973 2540 eorum
989 2462 1150 2552 consiliis,
1173 2489 1211 2540 se

62 2583 85 2619 “
108 2600 214 2655 semet
248 2581 354 2655 hodie
385 2608 451 2680 pro
493 2583 672 2669 communi
705 2585 815 2658 salute
848 2584 1033 2670 devovere,
1066 2579 1214 2656 eventus

63 2699 86 2736 ‘⁶
108 2720 282 2787 securum,
298 2715 505 2800 certumque
520 2699 556 2774 id
573 2725 685 2774 unum
698 2700 877 2788 miserum,
890 2698 1023 2795 sibique
1040 2714 1154 2794 turpe,
1171 2695 1213 2789 si,

63 2813 85 2852 “
106 2811 190 2888 dum
205 2813 350 2904 viveret,
363 2813 443 2906 alii,
460 2813 569 2915 quim
585 2815 652 2892 haic
669 2816 734 2890 sul
750 2815 888 2905 dextri,
902 2814 1008 2890 Caius
1020 2805 1213 2890 caderet.”⁶

103 3051 160 3122 78.
184 3045 350 3120 Puuonn
379 3044 503 3144 inique
533 3046 668 3123 accensi
700 3051 853 3135 omnes,⁷
892 3045 1000 3122 fidem
1033 3059 1214 3135 renovant,

64 3177 304 3261 morarumque
335 3163 472 3237 veniam
501 3187 547 3238 ex
575 3163 720 3238 audacit
747 3163 962 3262 quaerebant.
1013 3163 1114 3234 Tum·
1139 3161 1214 3236 dux

101 3481 224 3550 'Diem
247 3494 366 3568 primam
392 3496 531 3555 ludorum.
573 3497 607 3555 in
666 3497 764 3568 tridui,
786 3495 863 3573 quod
879 3493 968 3553 Caius
987 3493 1213 3558 denuntiaverat,

64 3573 148 3630 vetere
181 3573 358 3633 Kalendario
397 3577 608 3648 Herwurtiano,
665 3590 735 3637 teste
759 3575 880 3644 Zomeri,
914 3574 970 3633 loc.
993 3573 1043 3632 cit.
1073 3574 1126 3632 Aul
1151 3573 1214 3630 reiro

63 3661 126 3707 xvi.
148 3651 216 3712 Kal.
244 3653 521 3728 FEBRVARH,
557 3677 608 3716 seu
661 3652 923 3737 laigarcgririqcigar
933 3656 1092 3735 πςσόγγιιλι.

64 3727 320 3804 die17.Junuarii,
338 3735 450 3797 LVDI
473 3739 610 3797 PALA·
703 3739 714 3769 ⁵
748 3739 950 3796 Alexandriam
983 3757 1045 3793 neor
1070 3735 1214 3816 prcffectu·

64 3805 178 3872 TlNl.
663 3838 735 3876 rum.
783 3817 901 3894 loseph.
930 3817 1033 3892 Antiq.
1060 3817 1130 3874 lud.
1155 3817 1213 3876 loc.

99 3883 256 3960 'Quarum
266 3915 382 3974 quoque.
408 3897 608 3970 Zonaraspot.
664 3901 717 3958 cit.
753 3899 798 3956 De
822 3898 876 3956 hoc
897 3899 996 3956 itinero
1012 3898 1075 3972 jam
1102 3899 1215 3956 dictum

65 3981 86 4023 1·
96 3987 125 4044 p.
139 3979 207 4046 559.
234 3971 328 4054 ‘'opun
342 3976 471 4057 &agrique
484 3975 609 4037 iaelaelm
662 3999 750 4057 supra
763 3999 827 4058 cap.
843 3987 892 4039 58.

63 4047 177 4194 zelen-r
198 4057 292 4136 Seper
317 4060 508 4136 quinquedirs
522 4061 611 4119 couri·
664 4142 672 4198 l
704 4053 870 4154 ⁶Cfrderet.
904 4059 974 4195 pree
986 4058 1214 4197 pmniaposeph.

81 4151 186 4196 uerun.
674 4153 793 4200 oc.c1t.
829 4159 904 4197 uaeu
953 4157 983 4194 ro
1005 4157 1141 4198 areneas
1171 4153 1213 4198 ita

101 4209 294 4296 'Insrcmcns
320 4218 445 4280 Cloereu.
491 4219 609 4296 loseph.
663 4157 1037 4300 quoquesilcrenodlicet.
1141 4177 1152 4208 ³

65 4293 158 4376 Antiq.
171 4299 289 4363 luduic·
310 4319 381 4359 xix.
400 4311 427 4360 l.
438 4319 467 4358 n.
481 4307 527 4358 19.
704 4300 714 4334 ⁷
730 4303 850 4361 Accensr'
860 4318 961 4358 omncs.
982 4301 1098 4381 loseph.
1112 4299 1214 4380 Antiq.

100 4377 114 4408 ⁴
134 4377 275 4441 erorum
288 4383 359 4440 diem
372 4383 509 4441 ultimum.
539 4381 609 4438 Non
662 4384 784 4443 Judaic.
799 4399 873 4440 x1x.
888 4389 916 4440 l.
928 4399 957 4439 n.
974 4385 1020 4441 13.

67 4451 196 4519 ludorum
206 4461 401 4528 rutinorum
411 4487 421 4536 i
433 4464 482 4524 sed
491 4463 609 4524 ulterius
