2859 4950
58 284 192 377 tens*
363 257 865 369 ninn1⁸⁴tt0ntattunntum
1132 314 1197 385 '³99

40 474 165 545 orbem
175 485 345 567 terrarum
354 464 448 541 Urbi
463 462 689 563 spectandum
699 487 894 562 proponere
907 482 979 537 erat
989 465 1193 565 adgressus:
1261 495 1266 502 ·

54 590 95 661 D.
111 592 289 686 Augustus
317 584 537 681 complexam
563 606 646 654 eum
674 580 871 679 porticum¹
898 606 944 653 ex
971 580 1195 661 destinatione

54 702 363 801 commentat-iisque
378 701 547 801 Agrippae
557 696 781 773 at>0ctavit²
796 698 991 773 inchoatam
1003 721 1194 802 peregerat.

55 819 273 919 Magnificum
301 817 443 916 quidem
465 834 500 890 et
524 816 655 891 victore
671 815 805 914 populo
822 815 968 917 dignum
984 814 1049 890 fuit
1065 837 1195 918 specta.

57 936 176 1010 culum.
226 926 399 1008 Nondum
434 950 551 1011 tamen
590 932 815 1034 Geographia
854 932 1022 1007 Romanis
1063 928 1196 1035 scriptis

53 1050 245 1125 innotuerat.
287 1052 328 1123 ld
344 1076 446 1148 opus,
462 1048 484 1123 i
500 1053 554 1123 Μ.
567 1049 687 1123 Tullio
706 1049 877 1124 Cicerone
892 1074 984 1147 saepe
1000 1056 1195 1145 tentatum,³

52 1191 178 1265 semper
217 1167 398 1257 omissum,
439 1165 577 1265 privatis
613 1154 786 1239 incertum
820 1190 865 1239 an
905 1165 1052 1263 publicis
1091 1170 1198 1247 rebus

53 1282 170 1374 utilius,
198 1284 246 1358 ita
260 1282 438 1357 adcumvit
465 1281 679 1380 Pomponius
701 1281 827 1373 Mela,4
851 1298 903 1372 ut,
929 1280 995 1355 sii
1023 1282 1196 1381 prioribus

52 1398 263 1497 scriptoribus
281 1399 476 1474 studiorum
490 1397 689 1498 antiquitate
704 1396 875 1489 vincatur,
887 1399 1196 1511 omnes'elegentii

53 1515 171 1591 uicerit.

82 1755 95 1794 ·¹
116 1756 290 1836 complexam
334 1778 393 1817 eum
437 1757 587 1834 porticum.
640 1756 805 1816 todunensis
841 1754 970 1833 porticlls
1000 1758 1191 1836 fragmentum

53 1836 116 1896 Plio.
131 1848 221 1899 tint.
246 1840 359 1918 Nempe
378 1840 523 1917 porticum
544 1857 589 1895 or·
643 1839 720 1910 vide,
751 1838 877 1898 Journal
902 1840 936 1899 de
956 1838 1095 1911 Trium,
1115 1862 1193 1901 anno

52 1917 106 1975 bem
118 1932 257 1981 terrarum
272 1920 465 1999 complexam.
498 1907 590 1978 Porti·
645 1916 732 1985 1706.
748 1938 842 1977 mense
863 1920 1027 1989 Decembri,
1046 1940 1076 1998 p.
1090 1928 1151 1991 297
1163 1932 1194 1984 et

51 2016 95 2056 cus
107 2000 156 2059 illa
170 2003 304 2061 Octaviae
320 2002 430 2060 theatro
454 2001 588 2059 Marcelli
640 2019 700 2079 seq.
719 2000 766 2059 Ad
776 2001 904 2059 eamdem
913 2002 1109 2062 Romanorum
1118 2022 1196 2085 meg·

50 2077 97 2137 luit
122 2084 272 2160 adjuncta.
326 2083 447 2140 Manent
492 2082 588 2140 adhuc
644 2082 820 2139 niliccntinm
835 2084 956 2157 pertinet
974 2102 1133 2143 marmorea
1148 2106 1195 2145 uc·

49 2164 170 2234 quedam
190 2165 255 2241 ejus
278 2164 383 2221 rudem
403 2164 432 2219 in
456 2162 590 2235 ecclesii,
647 2162 714 2219 teris
728 2162 829 2220 Romae
850 2162 1072 2244 ichnographia,
1080 2165 1149 2223 olim
1163 2169 1195 2227 in

49 2259 105 2315 quae
116 2246 282 2321 appellatur
297 2244 329 2305 S.
341 2244 466 2321 Angiolo
478 2245 509 2304 ia
520 2242 591 2302 Per·
644 2227 752 2319 timplo
765 2243 884 2301 Romuli
915 2244 952 2301 td
981 2246 1057 2305 viam
1082 2264 1195 2307 sacram
1277 2248 1282 2260 ’

49 2320 142 2383 cleric.
183 2327 235 2384 Ad
261 2326 342 2384 urbis
371 2326 469 2382 llomae
495 2324 590 2383 imita·
641 2324 1053 2402 positncujuslregmentain
1071 2326 1191 2404 Capito·

49 2400 143 2463 tionem
171 2406 232 2464 suit
267 2406 483 2484 Augustoduni,
509 2423 587 2463 nunc
641 2406 769 2463 lionunc
779 2405 920 2476 visuntur,
940 2424 1064 2484 quaeque
1076 2408 1195 2469 etdribet

47 2481 148 2559 Autan,
180 2487 284 2551 similis
317 2488 454 2566 porticus,
499 2505 587 2565 quem
642 2488 689 2547 Cl.
712 2487 849 2546 Pimnesi.
884 2487 1035 2547 Amicitia
1059 2489 1194 2563 Romam

49 2560 138 2628 laudat
161 2569 324 2628 Eumenius
348 2569 377 2626 in
389 2568 517 2627 oratione
531 2588 586 2644 pro
642 2567 711 2646 Vol.
727 2586 751 2626 1.
763 2568 871 2627 Tubul.
882 2586 924 2628 ιιι
938 2576 968 2627 et
979 2587 1038 2647 seq.
1218 2596 1220 2606 ·
1261 2645 1264 2650 Ι

51 2643 246 2710 Restmrondis
281 2650 393 2722 sciolis,
433 2669 498 2727 cap.
537 2655 587 2708 20.
680 2645 758 2706 ’Λᾶ
771 2647 901 2709 Octaoid.
942 2649 1069 2724 Augusti
1088 2668 1194 2712 sorore.

51 2724 295 2809 Videatpraetered
313 2730 343 2787 ia
363 2731 422 2789 illis
430 2729 587 2808 porticibus
640 2728 717 2788 Vide
731 2729 819 2788 Stem.
832 2731 905 2789 Caes.
919 2751 947 2790 n.
972 2725 1019 2789 16.
1248 2749 1253 2766 ¹

40 2809 178 2884 juventae,
190 2820 221 2870 et
244 2810 368 2891 quotidie
375 2819 483 2890 spectet
495 2831 587 2870 omnes
680 2805 785 2886 'Soepe
799 2818 947 2871 tentatum.
968 2812 1044 2872 Vide
1057 2811 1192 2892 epistolas

48 2896 131 2950 terres
151 2903 180 2951 et
192 2901 295 2952 crinein
307 2893 398 2950 maria
411 2900 440 2950 et
452 2891 588 2969 quidquid
620 2887 625 2894 ’
641 2892 788 2951 Ciceronis
801 2891 839 2950 ad
852 2894 997 2966 Atticum,
1014 2912 1052 2952 11.
1067 2899 1086 2952 4
1100 2905 1129 2954 et
1141 2891 1172 2955 6.

46 2970 214 3033 invictissimi
226 2972 376 3048 Principes
387 2973 506 3042 urbium,
518 2992 587 3050 gen·
681 2971 877 3050 *Pomponius
902 2973 995 3033 Mela.
1035 2975 1194 3056 Elegantis-

47 3050 285 3125 denaniorum,
304 3062 355 3112 aut
376 3054 486 3131 pietate
504 3053 588 3113 resti-
639 3056 745 3112 simum
771 3073 844 3130 opus
870 3055 985 3134 scripsit
1018 3053 1194 3135 Pomponius

48 3138 132 3203 ruunt,
154 3146 206 3194 out
231 3136 339 3194 virtute
352 3134 511 3206 devincunt,
536 3141 587 3193 out
641 3135 733 3204 Mela,
758 3133 984 3214 dumXClaudius
1012 3135 1193 3199 Britatmiem

46 3218 157 3274 terrore.
198 3216 342 3293 Siquidem
377 3214 448 3284 illic,
478 3223 512 3272 ut
530 3216 588 3292 ipse
641 3214 789 3286 vincebat;
812 3225 846 3274 ut
866 3223 987 3276 testatur
1000 3216 1076 3276 idem
1100 3219 1192 3292 Mela,

44 3291 143 3367 nidisti,
165 3297 442 3368 credo‚inrtrrendoe
457 3295 588 3373 pueritie
641 3297 675 3356 de
688 3294 755 3355 Situ
780 3297 866 3370 ordis,
892 3315 945 3357 111.
965 3293 996 3357 6.
1037 3297 1194 3360 Britannia
1300 3325 1304 3334 ’

45 3376 130 3447 caut,
144 3378 198 3455 qui
208 3376 384 3456 monffertiii
396 3377 484 3435 oculis
500 3377 589 3462 dicce-
642 3377 734 3456 quolis
758 3378 808 3449 rit,
845 3379 993 3458 qualesque
1012 3389 1193 3460 progeneret,

45 3465 148 3530 rentur,
161 3477 223 3536 quoe
236 3457 377 3531 difficiliris
390 3457 588 3536 percipiuntur
641 3478 704 3517 mor
730 3459 855 3518 certiora
878 3467 908 3520 et
931 3461 1022 3539 mugit
1045 3461 1193 3538 inplorata

43 3537 144 3612 auditu,
158 3540 279 3598 omnium
293 3539 518 3598 cumnominibus
529 3539 589 3598 ruis
641 3539 781 3600 dicentur.
822 3539 933 3618 Quippe
945 3540 1051 3609 tmndiu
1069 3543 1193 3604 clausam
1289 3559 1290 3563 ’

44 3617 160 3679 locontm
183 3621 266 3693 ritus,
292 3621 396 3698 spotia,
433 3621 587 3680 interuallo
639 3621 734 3696 operit
743 3640 805 3680 ecce
814 3619 978 3700 Principum
988 3622 1131 3697 mimus,
1141 3645 1192 3684 aec

45 3698 182 3778 descripto
213 3696 290 3773 surii,
323 3701 459 3780 quidquid
487 3701 588 3780 adipate
641 3700 840 3762 indomitarum
861 3702 939 3762 modi
954 3711 1020 3762 ente
1036 3723 1076 3777 ee,
1095 3704 1193 3765 nerim

35 3781 178 3852 firminum
199 3783 294 3842 oritur
306 3793 335 3841 et
357 3783 499 3854 conditur,
519 3781 588 3860 qud-
641 3781 803 3860 ignotarum
821 3803 926 3862 quoque
943 3785 1071 3864 gentium
1091 3784 1193 3861 uictor,

44 3878 192 3938 cunquire
219 3865 348 3924 littorum
369 3863 587 3942 inofficiant,
643 3862 691 3939 qui
712 3863 896 3942 propriorum
928 3885 1022 3924 rerum
1036 3867 1139 3944 fiderit,
1158 3877 1193 3928 ut

43 3945 150 4014 quooel
168 3946 277 4004 ambitu
298 3945 390 4024 cingit
420 3946 521 4019 oriem,
541 3945 588 4004 vel
642 3944 713 4002 bello
725 3945 1085 4029 affectavit,ittttriumplto
1098 3947 1205 4012 decla·-

43 4021 141 4100 impetu
151 4027 284 4107 irrumpit
296 4027 432 4088 Oceanus.
471 4029 588 4108 Augus·
641 4033 913 4112 raturuiportat„
