2859 4950
248 281 289 334 oo
621 274 656 331 o.
676 256 875 332 conustu
896 268 1033 330 ruem

300 442 357 505 14.
385 428 478 505 Ceu
495 442 639 501 ventum
662 425 698 499 in
723 424 844 516 aciem,
860 442 961 523 turpe
977 425 1125 525 principi
1142 424 1272 501 virtute
1289 428 1392 521 vinci;

244 566 346 645 turpe
374 542 561 632 comitatui,
590 542 752 615 virtutem
781 542 941 640 principis
969 567 1041 615 non
1073 544 1276 641 adaequare.
1325 548 1394 619 lam

245 666 332 739 verb
357 660 485 737 infame
509 660 546 733 in
570 682 711 732 omnem
737 658 841 731 vitam
865 682 904 731 ac
931 662 1157 755 probrosum,
1184 660 1394 755 superstitem

246 780 391 880 principi
415 780 495 851 suo¹
522 802 568 847 ex
594 774 667 847 acie
694 772 883 847 recessisse.
934 774 1038 847 Illum
1063 772 1272 864 defendere,
1302 776 1394 863 tueri,

245 924 309 973 sua
332 918 471 997 quoque
495 889 597 964 fortia
617 888 706 963 facta
729 890 850 989 gloriae
873 892 945 989 ejus
972 890 1168 993 adsignare,
1186 889 1394 989 praecipuum

244 1028 496 1090 sacramentum
508 1024 570 1079 est.
619 1004 795 1103 Principes
811 1031 876 1105 pro
892 1005 1033 1080 victorii
1049 1022 1236 1106 pugnant:
1262 1006 1394 1079 comites

244 1155 310 1229 pro
334 1126 496 1226 principe.
546 1121 584 1195 Si
609 1121 737 1210 civitae,
762 1120 890 1219 inqui
916 1122 981 1195 orti
1006 1140 1098 1211 sunt,
1125 1121 1238 1219 longi
1265 1146 1348 1219 pace
1366 1138 1394 1192 et

171 1280 174 1283 ⁴
243 1246 315 1321 otio
331 1258 487 1339 torpeat3
513 1237 670 1336 plerique
686 1237 854 1311 nobilium
872 1238 1140 1312 adolescentium
1165 1256 1293 1335 petunt
1310 1238 1393 1309 ultro

244 1386 300 1435 eas
328 1357 495 1444 nationes
524 1380 603 1452 quae
631 1370 707 1425 tum
740 1354 873 1427 bellum
901 1353 1040 1451 aliquod
1068 1372 1225 1452 gerunt3
1259 1352 1340 1450 quia
1366 1369 1394 1422 et

242 1475 375 1574 ingrata
398 1469 493 1571 genti
521 1469 630 1567 quies,
659 1487 694 1541 et
718 1466 854 1543 facilius
882 1468 970 1543 inter
999 1468 1158 1567 ancipitia
1192 1469 1394 1555 clarescunt,

240 1613 476 1688 magnumque
498 1586 697 1660 comitatum
723 1610 794 1659 non
819 1586 882 1658 nisi
907 1585 940 1657 vi
965 1587 1127 1683 belloque
1156 1602 1301 1659 tueare:
1328 1582 1392 1655 exi-

241 1723 330 1805 gunt
344 1703 461 1777 enim‘
477 1698 637 1798 principis
649 1700 701 1773 sui
714 1700 910 1775 liberalitate
923 1702 1021 1775 illum
1033 1702 1242 1775 bellatorem
1256 1722 1392 1797 equum,

241 1820 337 1893 illam
363 1834 540 1890 cruentam
565 1815 811 1914 victricemque
840 1816 1030 1891 frameam.3
1081 1820 1177 1891 Nam
1205 1817 1336 1915 epulae,
1363 1828 1392 1885 et

156 1954 161 1960 ·
242 1958 454 2033 quamquam
479 1931 634 2021 incomti,
664 1932 749 2031 largi
775 1950 890 2009 tamen
920 1953 1101 2033 apparatus
1129 1959 1198 2030 pro
1227 1926 1391 2030 stipendio

242 2050 380 2123 cedunt.
429 2047 575 2121 Materia
597 2049 841 2123 munificentiae
868 2077 931 2147 per
954 2051 1057 2138 bella,
1074 2066 1108 2123 et
1132 2066 1267 2146 raptus.
1318 2048 1390 2151 blec

242 2190 340 2239 arare
354 2187 495 2253 terram,
510 2180 569 2236 aut
585 2182 768 2261 expectare
785 2170 943 2257 annum,⁴
965 2183 1035 2239 tam
1051 2164 1151 2238 facile
1170 2160 1389 2263 persuaseris,

241 2280 349 2379 quim
365 2304 489 2353 vocare
504 2279 620 2353 hostes
631 2286 642 2324 ⁵
655 2298 689 2353 et
705 2280 850 2355 vulnera
866 2282 1012 2355 mereri:
1039 2281 1179 2381 pigrum
1198 2280 1390 2380 quinimmo

242 2414 277 2471 et
303 2395 393 2469 iners
418 2395 554 2469 videtur
580 2396 707 2469 sudore
740 2395 934 2496 adquirere,
963 2398 1058 2495 quod
1083 2395 1192 2495 possis
1227 2392 1389 2496 sanguine

239 2539 371 2614 parare.

294 2756 351 2818 15.
379 2745 586 2842 Quorraus
600 2745 691 2821 bella
701 2773 774 2822 non
790 2749 922 2839 ineunt,
934 2773 1005 2824 non
1021 2749 1172 2822 multum
1183 2733 1391 2828 venatibus,⁶

245 2979 321 3040 Hist.
336 2996 372 3036 11.
386 2984 415 3036 4.
449 2973 510 3035 Diu
531 2979 608 3056 apud
632 2984 789 3058 nostiguit
843 2983 918 3042 litati
933 3003 1052 3060 equum,
1067 2983 1215 3053 frameam,
1240 2981 1321 3039 cibos
1343 2975 1388 3030 du-

243 3061 307 3120 haec
320 3059 459 3118 comitum
475 3057 605 3135 dignitas,
619 3060 681 3119 hee
700 3063 787 3121 fama.
845 3067 902 3123 bat.
958 3065 1079 3134 Deinde,
1120 3059 1183 3120 orti
1219 3057 1387 3139 cupiditate,

246 3142 385 3216 Resurget
404 3140 432 3197 iu
451 3139 576 3216 ephebeo
592 3141 721 3216 militari,
739 3145 788 3202 mi·
844 3147 911 3203 datu
943 3146 1076 3222 pecunia,
1110 3144 1227 3199 demum
1272 3137 1386 3219 pradia,

244 3220 458 3300 litarycollegc.
843 3245 907 3300 quae
942 3225 1068 3302 primum
1095 3223 1243 3279 'beneficia
1275 3217 1387 3277 tautum

843 3307 930 3374 suere,
964 3305 1061 3382 posted
1094 3302 1282 3360 hereditaria:
1319 3308 1385 3355 tuuc

285 3379 295 3406 ¹
316 3380 499 3456 Superstitem
507 3381 630 3459 principi
639 3399 698 3441 suo.
721 3381 789 3438 lude
843 3385 921 3442 dicta
935 3397 1002 3444 sunt
1015 3385 1102 3464 Piess.

245 3462 314 3519 cum
341 3462 586 3527 Cltouodomarus,
615 3463 790 3520 Alamanuo-
883 3460 895 3494 ³
925 3466 1077 3524 Frameam.
1132 3463 1178 3520 De
1206 3459 1267 3539 qua
1300 3473 1386 3533 supra

244 3561 310 3598 rum
332 3561 392 3608 rex,
412 3541 430 3597 ia
453 3542 588 3600 Romanis
607 3544 702 3600 fuisset
722 3561 790 3618 cap·
846 3565 910 3620 cup.
925 3543 953 3602 6.

124 3687 129 3695 ,
246 3633 303 3691 tus,
314 3621 424 3678 comites
434 3625 495 3697 ejus
507 3625 619 3681 ducenti
629 3641 749 3690 ntrmero,
761 3629 789 3678 et
882 3621 1074 3702 ‘Expectare
1096 3643 1205 3682 annum.
1247 3623 1287 3680 Ut
1304 3615 1385 3676 colli-

246 3704 304 3760 ἕνα
336 3701 418 3759 amici
434 3703 618 3778 junctissimi,
637 3703 787 3780 flagitium
843 3706 1057 3782 ganturl'ruges.

244 3781 380 3840 arbitrati
389 3790 453 3858 post
463 3802 554 3860 regem
565 3784 668 3854 eicere,
681 3784 726 3841 ecl
735 3803 787 3858 pro
883 3784 892 3817 ⁵
917 3785 1024 3846 Vocare
1038 3785 1137 3844 lostet.
1173 3785 1206 3842 ld
1220 3791 1270 3852 est,
1284 3793 1382 3856 pr0l'0‘

243 3883 311 3940 rege
323 3883 377 3920 non
389 3863 469 3930 mori,
481 3863 507 3919 si
527 3862 569 3920 ita
586 3865 685 3921 tulerit
698 3883 787 3932 cesus,
842 3885 916 3924 care.
939 3867 986 3924 Sic
999 3867 1145 3944 Virgilius
1157 3866 1262 3940 Geurg.
1275 3879 1318 3918 tv.
1333 3851 1381 3924 76·

245 3944 388 4002 tradidere
401 3963 430 3999 se
443 3941 610 4002 vinciendos.
640 3947 786 4002 Ammian.
923 4010 928 4020 ⁸
964 3957 968 3964 '

245 4023 379 4080 Marcell,
393 4041 459 4079 xv1,
474 4029 521 4080 13,
881 4020 1011 4080 Magisque
1020 4032 1100 4068 rocam
1109 4029 1246 4068 clamoribus
1255 4027 1344 4066 busim·

284 4099 299 4127 ²
319 4103 445 4181 Erp'guut
459 4103 538 4159 euim.
561 4101 630 4159 lude
648 4103 786 4178 originem

241 4185 315 4262 juris
329 4183 721 4241 clientelarisnonimmeritd
745 4203 788 4240 re-
843 4183 955 4262 Nempe
987 4189 1150 4260 provocant,
1188 4192 1223 4240 ut
1257 4175 1381 4255 explicat

131 4309 135 4322 ,
245 4265 317 4342 petit
337 4265 382 4322 Cl.
398 4264 432 4320 de
451 4263 663 4340 lllontesquieu,
685 4263 786 4341 Esprt't
843 4265 964 4322 Servius.

245 4347 293 4420 des
306 4345 386 4412 Lair,
405 4363 486 4402 xxx.
500 4349 529 4402 3.
564 4343 646 4402 Tune
669 4345 786 4420 quidem
882 4337 1282 4403 6Νοιιπιιιῖὴιηιυεηαέὶὁιω.
1317 4333 1383 4407 Lip-

246 4426 366 4486 bellator
385 4425 525 4503 princeps,
546 4423 688 4483 bellatrici
707 4426 789 4485 nobi·
842 4425 909 4498 sius,
943 4425 1086 4496 Ernestus,
1120 4423 1252 4498 Menege,
1277 4416 1383 4492 talllque
