2859 4950
248 308 311 375 616
553 308 677 373 NOTAE
700 310 752 369 st
773 308 1105 371 uststuunrtottts

297 461 405 548 Prope
419 459 513 527 odat.
558 460 648 529 Male
661 474 780 529 veteres
795 460 953 535 editiones.
961 459 1086 549 proprii
1100 458 1195 529 abest.

295 572 466 639 Gravitnti
478 594 617 639 sensuum
629 574 772 639 nitorem.
818 572 855 639 in
866 573 1019 639 veteribus
1030 572 1226 653 editionibus,
1236 572 1367 661 grsritsti.

253 686 415 765 Ernestus,
437 684 607 775 grauitate.
651 684 755 753 MSS.
772 686 875 751 Vstic.
899 708 1037 751 sensuum
1060 683 1201 765 nitorem,
1230 698 1261 750 ut
1280 683 1369 770 optimi

252 799 438 865 divinaverit
465 796 635 865 Acidsiius.
690 797 861 883 Perpetem
892 797 962 869 libri
997 819 1104 863 omnes
1142 794 1226 876 editi,
1253 818 1368 861 nurnnn

251 912 394 975 nitorem.

297 1021 350 1087 Eo
365 1022 585 1087 sententiarum
593 1020 735 1107 planitas
749 1033 801 1087 sst.
846 1018 896 1087 Its
917 1018 1020 1086 MSS.
1036 1020 1138 1087 Vatic.
1159 1022 1239 1087 1869.
1258 1030 1287 1085 et
1301 1028 1370 1093 4498.

255 1131 310 1198 Ea
332 1156 459 1221 quoque
480 1134 630 1219 reperitur
648 1132 681 1199 in
702 1132 857 1199 veteribus
877 1132 1081 1199 editionibus:
1104 1136 1191 1199 abest
1213 1130 1371 1197 immeritdi

253 1244 485 1311 recentioribus.
530 1244 591 1311 Est
609 1246 643 1311 in
660 1245 805 1313 omnibus
822 1242 980 1311 omissum.
1025 1243 1104 1311 MS.
1120 1244 1223 1311 Vstic.
1241 1253 1322 1311 1518.
1334 1266 1372 1330 pro

247 1355 389 1443 planitas
402 1358 496 1446 babet
502 1355 650 1445 plenitus.

296 1578 387 1645 Cur.
402 1589 455 1649 84.
479 1577 663 1645 immulsisse
684 1601 748 1645 non
769 1578 869 1645 debes.
916 1580 1017 1648 MSS.
1041 1578 1143 1646 Vstic.
1166 1582 1248 1649 1868
1265 1586 1371 1651 etsist.

252 1714 315 1757 non
329 1691 430 1757 debet.
475 1692 644 1779 Perperarn
660 1707 777 1758 veteres
791 1692 952 1772 editiones,
961 1693 1009 1758 ita
1021 1690 1159 1758 mutrisse.

297 1801 345 1869 Et
366 1802 388 1869 d
408 1807 515 1871 vestris
533 1802 733 1889 pbilosophis.
778 1801 828 1868 Ita
843 1804 947 1869 MSS.
962 1802 1065 1869 Vntic.
1086 1811 1167 1869 1518
1184 1817 1216 1868 et
1230 1810 1317 1879 4498.
1349 1798 1372 1865 b

253 1915 333 1981 MS.
354 1913 456 1981 Vstic.
485 1916 578 1981 1862.
603 1924 633 1980 et
658 1914 679 1981 d
698 1916 808 1981 nostris
821 1913 1021 2002 philosoplis.
1068 1913 1158 1979 libri
1180 1914 1266 1995 editi,
1278 1926 1304 1979 et
1323 1910 1373 1977 slis

250 2027 370 2093 uestris.
413 2026 506 2091 Unde
523 2024 651 2115 Lipsius
662 2026 859 2115 conjiciebat,
874 2038 905 2092 et
920 2024 1000 2093 nlids
1013 2026 1034 2093 d
1049 2027 1166 2093 vestris.

295 2136 454 2224 dispensus
477 2137 574 2223 nolis.
619 2138 707 2203 Bene
745 2138 848 2205 MSS.
875 2138 978 2205 Vatic.
1023 2138 1077 2204 Sic
1106 2162 1233 2226 quoque
1263 2137 1375 2224 placebit

249 2248 407 2315 Acidalio.
451 2249 610 2337 Corruptd
627 2249 723 2317 editio
737 2250 892 2337 princeps,
906 2250 1053 2338 reprimo.
1099 2249 1288 2317 Puteolanus
1300 2268 1374 2314 emes

128 2363 135 2379 “
251 2362 385 2440 deseret,
396 2362 540 2447 reprime.

296 2475 382 2542 Satis
396 2475 478 2540 enim
492 2473 571 2541 illos.
615 2473 694 2542 MS.
708 2475 811 2543 Vstic.
829 2479 919 2544 1868.
933 2476 1010 2546 sutis
1023 2479 1118 2544 etism
1131 2478 1218 2544 istos.

297 2585 366 2652 Cur
379 2587 413 2652 in
427 2597 561 2652 tantum.
605 2586 684 2654 MS.
695 2587 798 2655 Vstic.
815 2591 907 2655 1868.
922 2613 978 2656 cnr
992 2601 1126 2655 tontum.

295 2696 396 2764 Ratio
406 2710 577 2786 temporum
587 2697 754 2787 collegerit.
799 2699 921 2769 Eruditi
936 2699 992 2766 riri
1006 2699 1143 2766 Huetius
1153 2713 1188 2765 et
1199 2697 1375 2784 Schultingius

251 2808 388 2890 mellent,
403 2810 533 2876 ratione.
577 2806 651 2876 Hos
663 2811 747 2876 enim
760 2825 884 2878 centurn
898 2821 931 2876 et
953 2811 1059 2898 viginti
1078 2795 1174 2878 innos
1198 2812 1308 2878 ratione
1322 2822 1375 2874 ten

250 2944 362 3008 porum
376 2921 506 3008 collegit
519 2922 619 3006 Aper,
630 2935 666 2988 ut
679 2921 811 2988 vidimus
825 2945 918 3010 supra
932 2945 1002 3010 cap.
1017 2930 1068 2994 17.

295 3141 385 3210 Css.
416 3153 469 3210 25.
507 3141 652 3208 Nominis
681 3143 921 3210 controuersiam
950 3145 1057 3209 movit.
1108 3141 1197 3209 Bene
1227 3139 1336 3229 Lipsius
1362 3136 1374 3200 l

252 3255 330 3321 MS.
365 3253 405 3319 ln
417 3253 575 3320 veteribus
589 3251 787 3337 editionibus,
801 3279 863 3322 non
877 3256 984 3322 mouit.
1022 3255 1065 3324 Et
1079 3255 1181 3320 hiatus
1193 3267 1241 3320 est
1254 3253 1323 3318 inter
1333 3269 1373 3314 uss

248 3382 281 3434 et
295 3367 403 3433 movit.

170 3481 173 3487 '
294 3478 332 3544 Si
345 3477 508 3566 quominrls
509 3477 651 3564 fatetur.
679 3479 837 3572 fl’entsbst
853 3479 1006 3560 Pithoeus,
1019 3481 1047 3545 si
1065 3481 1254 3548 communius
1265 3477 1373 3568 fatetur·

248 3589 368 3656 Metius
389 3587 560 3670 Acidalius,
582 3589 660 3677 quin
680 3613 781 3656 omnes
793 3589 950 3680 fatentur.
995 3591 1119 3658 Eodem
1141 3616 1233 3659 sensu
1256 3585 1372 3662 Hostius,

248 3713 284 3766 ut
297 3701 414 3768 dictum
425 3715 473 3766 est
486 3700 518 3766 in
531 3702 622 3769 notis.
665 3699 733 3766 Alii
749 3701 847 3782 aliter,
859 3704 916 3796 sed¹
925 3702 1049 3768 ruinirnd
1062 3704 1272 3790 probabiliter.

292 3811 357 3878 Suo
374 3815 463 3901 jure.
508 3811 596 3878 Bene
624 3811 752 3900 Lipsius
773 3829 805 3882 ct
827 3815 1020 3882 recentiores.
1065 3813 1105 3880 In
1127 3815 1232 3882 MSS.
1255 3812 1296 3880 sir
1316 3825 1374 3875 vett·

248 3923 376 3990 Veteres
389 3925 550 4006 editiones,
563 3924 607 3990 sic
612 3927 699 4016 jure.

292 4035 485 4102 Adstrictior
507 4033 634 4103 Calvus.
679 4033 811 4123 Optimi
833 4038 1005 4108 Acidalius.
1046 4038 1083 4107 In
1105 4040 1235 4108 editione
1250 4034 1373 4126 principe,

247 4159 302 4214 sut
316 4147 453 4212 strictior
470 4146 597 4214 Calvus.
643 4147 845 4228 Puteolanus,
859 4161 892 4216 at
909 4153 1055 4218 strictior.

292 4258 391 4339 Scias,
413 4259 564 4346 quamtis.
608 4259 696 4326 Bene
718 4258 841 4348 Lipsius
865 4263 883 4328 ὲ
905 4263 982 4332 MS.
999 4263 1029 4330 in
1042 4277 1194 4351 quoerst,
1212 4262 1310 4332 scium.
1344 4250 1371 4318 lt

246 4370 398 4440 veteribus
411 4370 597 4438 editioribus
611 4375 737 4440 verbum
750 4371 840 4460 plone
855 4375 950 4445 deest.
