2859 4950
341 296 556 360 unrocus
576 295 632 358 ns
654 253 927 361 omrostrus
1149 307 1205 381 ιρι

76 473 186 546 turem,
207 449 279 528 sive
296 455 343 548 ad
362 453 449 552 juris
472 451 658 542 scientiam,
672 451 746 526 sive
761 451 805 527 ad
821 449 1026 552 eloquentiae
1049 453 1204 536 studium

74 567 269 660 inclindsset,
284 569 325 662 ld,
335 569 449 644 solum
464 584 595 670 ageret,
610 568 646 640 id
662 567 863 644 universum
877 569 1040 646 batniret.

116 811 172 876 29.
197 807 261 876 Ar
292 827 384 876 nunc
413 817 513 876 natus
539 797 650 874 infans
683 802 862 902 delegatur
895 804 1071 882 Graeculae
1098 805 1206 884 alicui

74 921 207 1010 ancillae,
223 919 280 994 cui
303 918 501 1018 adjungitur
525 941 615 990 unus
639 935 697 992 aut
721 919 808 994 alter
832 946 877 995 ex
902 922 1062 998 omnibus
1085 926 1206 1016 servis,

71 1037 267 1134 plerumque
291 1034 484 1122 vilissimus,
507 1057 571 1106 nec
589 1035 750 1133 cuiquam
764 1037 853 1110 serio
869 1039 1054 1113 ministerio
1070 1065 1206 1119 accom-

71 1153 232 1225 modatus.
283 1151 422 1224 Horum
450 1148 578 1223 -fabulis
603 1169 636 1228 et
669 1153 868 1236 erronbus¹
900 1154 1010 1228 teneri
1033 1156 1144 1228 statim
1169 1173 1205 1230 et

70 1269 164 1339 rudos
179 1266 284 1338 animi
300 1265 512 1339 imbuuntur.
554 1267 592 1338 N
592 1291 631 1338 ec
648 1267 829 1365 quisquam
845 1267 881 1340 in
897 1270 968 1342 toti
986 1269 1091 1344 domo
1108 1271 1205 1369 pensi

69 1382 175 1470 babet,
201 1381 285 1482 quid
310 1405 427 1454 coram
450 1379 577 1454 infante
594 1383 763 1472 domino,²
787 1401 845 1457 aut
869 1384 972 1474 dicat,
992 1403 1052 1458 aut
1076 1383 1201 1460 faciat:

67 1497 200 1594 quandb
218 1498 320 1572 etiam
343 1497 406 1594 ipsi
430 1513 586 1594 parentes
610 1521 673 1570 nec
695 1498 867 1594 probitati,
883 1523 996 1597 neque
1012 1500 1204 1596 modestia,

59 1614 222 1709 ¹paruulos
245 1612 491 1702 adsuefaciunt,
515 1614 575 1684 sod
601 1612 744 1686 lasciviae
764 1630 798 1687 et
814 1613 958 1686 libertati
973 1620 1010 1706 3³
1034 1641 1098 1714 per
1122 1644 1203 1717 quae

67 1728 223 1825 paulatim
250 1727 459 1826 impudentia
490 1727 620 1824 irrepit,
658 1743 691 1802 et
720 1728 773 1800 sui
801 1729 968 1827 alienique
996 1749 1202 1809 contemtus.
1279 1736 1286 1753 '

65 1845 133 1918 Jatn
156 1844 244 1918 verb
268 1844 405 1942 propria
428 1861 463 1918 et
486 1842 667 1942 peculiaria
695 1843 797 1942 hujus
821 1845 929 1918 Urbis
950 1845 1029 1920 vitia
1050 1846 1204 1946 puncius

65 1978 154 2034 utero
178 1961 298 2034 matris
322 1958 455 2057 concipi
484 1959 568 2055 mibi
592 1957 764 2048 videntur,
789 1959 993 2034 histrionalis
1016 1959 1144 2053 favor,⁴
1165 1981 1203 2046 et

66 2077 288 2175 gladiatorum
304 2099 542 2175 equorumque
554 2075 684 2150 studia:
704 2075 828 2172 quibus
839 2095 1026 2174 occupatus
1038 2095 1073 2152 et
1088 2081 1204 2158 obses·

65 2217 115 2266 sus
135 2194 271 2268 animus
295 2194 501 2289 quantulum
512 2192 579 2266 loci
594 2191 694 2266 bonis
705 2191 833 2266 artibus
844 2192 1029 2292 relinquit?
1054 2214 1204 2293 quotum

64 2335 232 2410 quemque
259 2307 440 2399 inveneris,
472 2309 531 2406 qui
556 2309 650 2384 domi
679 2307 869 2407 quidquam
893 2309 986 2382 aliud
1013 2310 1202 2409 loquuturi

65 2452 144 2524 quos
154 2427 241 2501 alios
252 2425 586 2499 adolescentulorum
602 2449 777 2499 sermones
789 2423 991 2522 excipimus,
1015 2427 1043 2500 si
1060 2428 1204 2525 quandd

66 2543 225 2617 auditoria
239 2542 462 2617 intravimus?
499 2543 556 2614 Ne
572 2557 801 2637 praeceptores
816 2539 956 2638 quidem
973 2540 1204 2641 ullascrebri·

53 2682 133 2735 ores
157 2684 241 2735 cum
264 2657 474 2733 auditoribus
498 2656 566 2729 suis
590 2653 722 2727 fabulas
744 2654 891 2730 babent:
919 2656 1086 2757 colligunt
1108 2661 1204 2752 enim

65 2773 241 2873 discipulos
256 2798 328 2847 non
344 2772 519 2857 severitate
536 2772 735 2869 disciplinae,
759 2794 823 2844 nec
839 2770 965 2871 ingenii
987 2760 1202 2871 ertpen'men.

59 2904 106 2979 ro,
142 2892 201 2965 sed
229 2889 412 2965 ambitione
443 2888 686 2977 salutantium,⁵
724 2903 759 2959 et
785 2885 953 2961 illecebris
985 2889 1200 2969 adulationis.

101 3138 110 3164 ¹
133 3141 172 3199 Er
186 3139 601 3209 erroribuslldcdore,sicut
647 3136 765 3197 licential
788 3138 947 3214 cffraeniquc
972 3136 1092 3197 libidine
1115 3159 1198 3201 usur·

67 3219 204 3279 docereris
223 3222 363 3293 omnibus,
384 3242 448 3297 quae
471 3222 507 3280 ad
528 3220 604 3299 opti-'
650 3221 728 3299 puvit
742 3238 857 3295 quoque
869 3217 995 3276 Tullius.

67 3317 134 3361 mam
150 3303 304 3362 liberorum
318 3302 517 3361 educationem
539 3322 601 3379 pcr-
687 3296 910 3357 *Histrionalir
920 3300 1022 3377 saror.
1064 3298 1125 3367 Qui
1138 3298 1197 3360 Ro‘·

68 3380 157 3454 tinent,
178 3384 243 3441 ride
258 3382 456 3453 Plutarchum,
476 3380 545 3441 Vol.
564 3397 600 3441 11.
650 3398 702 3436 mae
716 3377 827 3455 vigebat
840 3377 975 3435 maxime.
1017 3377 1086 3435 Inde
1100 3380 1197 3439 Petro-

68 3478 92 3535 ρ.
107 3472 130 3521 1.
150 3465 209 3542 1114>
219 3455 314 3519 rebus
328 3458 439 3533 blopis.
650 3462 716 3519 nius
728 3460 757 3515 in
766 3458 906 3534 satyrico,
919 3476 984 3536 cap.
994 3461 1023 3517 5.
1035 3459 1197 3522 studiosum

101 3538 117 3565 ²
132 3542 247 3617 Infiratc
261 3542 378 3601 domino.
412 3542 529 3623 Egregib
546 3540 564 3601 J
568 3560 600 3601 u·
646 3541 781 3617 juvenem
795 3547 898 3607 monet,

69 3609 173 3696 terrulis,
193 3623 428 3703 Satyr.x1v.,4d.
805 3652 1071 3747 Nmfflfflma

70 3778 166 3821 b'ddt'ctu
170 3782 262 3831 soerlum
271 3782 362 3830 rituque
371 3778 416 3820 hec
424 3780 505 3819 limina
514 3783 602 3830 toneat,
675 3752 756 3795 &M
763 3754 1007 3797 'mm
1016 3757 1131 3797 mmm·

73 3836 273 3948 mciffp'didr·
284 3838 423 3889 ‹etproent
441 3838 501 3885 'm'
519 3840 602 3889 ml
692 3884 701 3919 ⁵
718 3888 876 3949 Ambitione
885 3856 1077 3951 salutantium.
1103 3888 1196 3963 Male,

71 3950 585 4065 fflffffifflfflssffimgffi
649 3969 842 4032 salutantium.
891 3970 1011 4047 Optime
1043 3972 1197 4033 emendant

70 4063 609 4123 nmmmnpummmm!
652 4050 813 4119 Acidalius,
834 4050 963 4110 Schclius
979 4060 1009 4109 et
1021 4050 1197 4129 Schultirqd·

69 4131 540 4181 fflmvrowmibiflttwum·
652 4131 906 4200 uspatutaciom.
921 4130 1194 4208 Praeccptotesenim

605 4224 608 4232 ¹
650 4210 814 4269 salutabunt
826 4220 963 4288 putentes,
983 4208 1079 4271 liberis
1094 4211 1197 4271 edulc-

52 4330 56 4339 .
71 4260 129 4341 illia
141 4263 261 4341 plurima
273 4273 302 4321 ct
317 4228 426 4341 bgrcgia
438 4264 473 4321 dc
488 4262 542 4323 boc
556 4283 600 4323 nr·
652 4292 766 4363 bantur,
784 4291 884 4367 ,icque
905 4291 1061 4369 discipulo,
1080 4292 1196 4370 powg,

72 4357 190 4419 qumcnto
203 4346 306 4403 ibidem
322 4345 393 4401 aide.
568 4404 571 4410 ,
652 4370 729 4430 bant·

105 4415 115 4451 ³
152 4424 299 4483 Libertali.
342 4424 525 4483 Libcrlatein'
546 4428 599 4501 p'ro
636 4501 641 4513 Ι
669 4508 673 4516 Ι
705 4493 729 4525 ι,
766 4426 771 4437 ’

1168 4426 1175 4437 ο

215 4708 228 4755 Ι
