2859 4950
252 354 310 412 120
612 348 647 407 C.
671 346 873 408 CORNELII
893 346 1030 407 TACITl

245 505 372 594 nibus,¹
386 502 424 576 ‘et
439 500 663 601 inaequalibus
680 502 765 577 locis
780 503 978 577 haerebant:
1006 502 1215 601 minimeque
1231 504 1375 601 equestris

249 646 290 695 ea
306 645 433 719 pugnae
450 618 552 691 facies
569 636 654 708 erat,
671 620 757 691 ciam
771 618 865 717 aegriz
879 619 938 690 diu
955 635 1094 707 stantes,
1109 618 1211 691 simul
1228 644 1376 717 equorum

249 736 452 834 corporibus
476 734 748 830 impellerentur,
773 759 813 807 ac
843 756 933 829 saepe
963 735 1040 833 vagi
1069 760 1204 823 currus,
1233 734 1377 819 exterriti,

250 852 322 925 sine
339 850 528 923 rectoribus
545 850 638 947 equi,
656 866 694 922 ut
711 875 885 948 quemque
901 846 1052 923 formido
1069 840 1206 940 tulerat,
1232 868 1377 922 transver-

249 995 319 1057 sos,
335 985 402 1063 ‚aut
418 965 560 1039 obvios²
576 964 805 1038 incursabant.

298 1212 357 1281 37.
392 1200 450 1273 ET
485 1194 653 1284 Britanni,
678 1195 738 1293 qui
770 1196 884 1271 adhuc
913 1220 1040 1297 pugnae
1074 1216 1234 1297 expertes
1262 1220 1377 1272 summa

250 1319 394 1393 collium
410 1314 616 1400 insederant,
642 1328 675 1384 et
691 1313 896 1409 paucitatem
912 1330 1110 1387 nostrorum
1127 1316 1247 1388 vacui³
1264 1338 1379 1411 sperne·

253 1438 348 1522 bant,
365 1428 506 1529 degredi
523 1427 698 1525 paulatim,
709 1447 743 1501 et
756 1428 937 1503 circumire
953 1449 1050 1531 terga
1062 1430 1271 1504 vincentium
1287 1452 1381 1524 coepe·

135 1542 137 1547 ⁸
254 1566 351 1623 rant:
378 1547 413 1619 ni
429 1545 577 1642 idipsum
593 1544 721 1618 veritus
739 1546 904 1647 Agricola
920 1564 1068 1645 quatuor
1084 1548 1241 1644 equitum
1256 1546 1332 1633 alas,
1350 1542 1382 1613 ad

254 1664 365 1739 subita
392 1661 474 1735 belli
507 1677 667 1749 retentas,
704 1662 918 1735 venientibus
946 1663 1172 1760 opposuisset,
1207 1677 1383 1759 quantoque

253 1777 406 1853 ferocius
423 1794 654 1867 accurrerant,
679 1796 774 1851 tanto
797 1778 912 1851 aerius
936 1779 1054 1875 pulsos
1070 1779 1105 1851 in
1122 1764 1244 1875 frigam
1260 1774 1384 1873 disjecis

254 1914 315 1969 set.
368 1895 418 1965 lta
433 1891 613 1963 consilium
626 1890 872 1966 Britannorum
888 1894 923 1965 in
939 1894 1030 1989 ipsos
1046 1918 1207 1966 versum:
1235 1910 1385 1965 transies·

157 2042 160 2049 ·
256 2028 369 2107 taeque
396 2025 569 2106 praecepto
596 2007 693 2079 ducis
710 2007 731 2079 ὲ
748 2005 863 2081 fronte
889 2009 1116 2107 pugnantium
1136 2009 1230 2097 alae,⁴
1252 2025 1386 2079 aversam

255 2125 406 2201 hostium
423 2122 531 2195 aciem
548 2124 711 2197 invasere.
750 2128 846 2196 Tum
862 2126 947 2197 verb
965 2125 1158 2222 patentibus
1175 2121 1260 2197 locis
1276 2120 1386 2219 grande

255 2258 289 2315 et
306 2241 679 2338 atrox'spectaculum:
706 2242 818 2338 sequi,
842 2242 1037 2330 vulnerare,
1062 2266 1198 2337 capere,
1214 2257 1316 2336 atque
1331 2259 1387 2307 eos

256 2358 350 2445 dem,
375 2354 497 2429 oblatis
523 2354 607 2445 aliis,
633 2355 815 2429 trucidare.
866 2359 942 2431 Jam
964 2355 1127 2443 hostium,
1151 2372 1257 2451 prout
1283 2352 1387 2447 cuique

255 2473 432 2574 ingenium
474 2490 559 2562 erat,
597 2489 743 2546 catervae
780 2477 1014 2546 armatorum⁵
1052 2470 1271 2569 paucioribus
1310 2487 1388 2564 terga

253 2607 428 2688 praestare,
454 2587 594 2687 quidam
622 2589 771 2662 inermes
788 2589 880 2662 ultro
897 2615 1012 2680 ruere,
1036 2613 1076 2660 ac
1093 2614 1130 2660 se
1146 2587 1252 2659 morti
1268 2584 1387 2658 offerre.

253 2704 383 2778 Passim
399 2729 507 2792 arma,
524 2720 558 2776 et
574 2728 733 2802 corpora,
750 2723 785 2777 et
802 2705 904 2778 laceri
920 2723 1028 2794 artus,
1044 2720 1078 2777 et
1095 2719 1240 2776 cruenta
1256 2701 1388 2772 humus:

254 2837 288 2892 et
314 2818 500 2916 aliquandb
534 2819 635 2892 etiam
663 2819 761 2893 victis
788 2822 838 2894 ira
864 2821 1062 2918 virtusque:
1089 2816 1278 2916 postquam
1304 2809 1390 2913 syltis

254 2933 589 3031 appropinquarunt,
614 2935 762 3025 collecti,
787 2936 916 3032 primos
942 2935 1171 3065 sequentium,
1196 2932 1346 3006 incautos
1365 2942 1392 2996 et

254 3049 439 3122 locorum
429 3073 580 3148 ignaros,
596 3033 921 3126 circumveniebant.
974 3054 1082 3147 Quod
1099 3075 1136 3122 ιιι
1126 3047 1317 3146 frequens
1332 3041 1390 3115 ubi·

250 3191 330 3264 que·
336 3163 513 3264 Agricola,
538 3165 665 3240 validas
682 3184 716 3240 et
732 3169 908 3264 expeditas
920 3168 1081 3241 cohortes
1096 3163 1266 3263 indaginis
1281 3158 1386 3241 sslOdot

253 3299 287 3354 et
316 3280 422 3354 sicubi
451 3281 597 3354 arctiora
624 3299 734 3373 erant,
765 3299 899 3380 partem
928 3282 1096 3380 equitum,
1121 3277 1270 3352 dimissis
1296 3272 1389 3371 equis,

252 3395 354 3470 simul
381 3397 526 3470 rariores
548 3399 660 3497 sylvas
677 3399 828 3496 equitem
845 3399 1059 3497 persultare
1046 3394 1212 3496 jussisset,
1226 3409 1389 3490 acceptum

252 3511 392 3608 aliquod
406 3513 532 3586 vulnus
549 3539 611 3609 per
627 3513 768 3587 nimiam
794 3515 957 3588 fiduciam
979 3513 1081 3585 foret.
1134 3511 1319 3596 Ceterum,
1341 3499 1387 3575 ubi

255 3625 462 3723 compositos
489 3628 597 3701 firmis
626 3628 804 3703 ordimbus
821 3629 918 3727 sequi
934 3653 1055 3701 rursus
1069 3625 1202 3714 videre,
1228 3624 1264 3697 in
1288 3621 1389 3718 fugam

254 3743 356 3829 versi,
381 3765 453 3814 non
479 3743 684 3842 agminibus,
711 3763 750 3818 ut
772 3745 889 3850 priris,
914 3769 980 3818 nec
996 3741 1082 3823 alius
1098 3741 1204 3814 alium
1220 3753 1393 3837 respectat·

298 3955 474 4016 'Hostium
506 3959 668 4036 agminibus.
723 3961 807 4019 Certi·
859 3976 938 4040 terga
951 3973 1115 4019 tmnstectae
1127 3973 1256 4036 equitum
1269 3957 1392 4014 Romam

191 4101 195 4112 1
256 4039 464 4099 emendandum
478 4039 629 4097 cohortium
644 4043 807 4119 aguriuilms.
858 4061 923 4101 rum
938 4043 991 4100 alae
1003 4061 1127 4100 nitrsam
1136 4041 1335 4097 Britannorum
1346 4030 1392 4089 ati·

259 4121 334 4178 Vide
347 4131 405 4176 not.
418 4131 445 4174 et
460 4121 569 4177 utncnd.
583 4123 617 4177 nd
633 4141 697 4198 cup.
712 4117 762 4179 36.
858 4143 902 4180 um
917 4127 1052 4181 int-,asera

298 4196 393 4256 Aut
406 4200 507 4256 odraus
546 4203 739 4273 Ὶιιιιιιοιιοι,
756 4216 809 4260 aut
897 4202 910 4236 ⁵
944 4205 1073 4262 Cuteraoe
1109 4209 1288 4258 armatorum.
1337 4193 1390 4251 law

258 4281 356 4339 obvios
379 4280 487 4356 equites
507 4283 722 4358 covinatiusquo
746 4283 808 4340 Bri·
859 4284 993 4352 bostium,
1019 4284 1048 4339 id
1070 4294 1121 4349 cst,
1146 4292 1318 4338 armatorum
1343 4271 1392 4329 ΒΗ·

258 4375 368 4422 tonsos.
860 4377 1010 4422 turinorum
1025 4379 1088 4420 cata
1090 4381 1143 4419 rtae
1158 4355 1392 4436 paucioribuslto

293 4432 309 4472 ³
328 4443 355 4500 V
353 4463 425 4501 ocur
466 4443 546 4512 Quia
558 4462 659 4522 pugnae
671 4455 808 4522 expertes.
861 4445 951 4504 manis
965 4454 1042 4523 terga
1055 4453 1197 4523 praestare.

299 4521 313 4554 ⁴
328 4523 391 4600 Pug
375 4525 515 4582 σιιιιιιιιιιιιι
529 4525 590 4584 alu.
631 4530 656 4584 A
671 4525 760 4585 ltoute
772 4527 808 4584 ad
