2859 4950
319 322 528 385 unrocus
550 320 607 381 nu
629 286 899 383 astruamus.
937 325 939 328 ·
1123 334 1177 385 ιιι

59 478 187 571 civitam,
209 506 261 570 ac,
286 482 395 555 donec
419 478 529 568 libuit,
555 478 725 575 principes
740 476 821 568 fori,
845 502 939 552 nunc
955 474 1125 577 principes
1141 478 1178 553 in
1219 547 1226 557 .

61 599 182 671 Caesaris
204 597 370 670 anteitit¹
400 613 508 694 agunt
535 593 721 691 feruntque
750 612 885 685 cuncta,
910 612 1013 693 atque
1037 596 1179 691 abipso

60 712 190 809 Principe
206 738 287 786 cum
303 712 452 809 quidam
478 710 668 785 reverentiis
685 710 886 810 diliguntur.
939 711 1031 808 Quia
1053 714 1182 809 Vespa-

60 828 160 917 sianus,
176 828 373 901 venerabilis
389 851 509 914 senex,
527 842 560 897 et
577 825 838 922 patientissimus
854 826 953 916 veri‚²
976 824 1066 898 bene
1082 826 1182 899 intel·

60 942 124 1039 ligit,
146 963 274 1017 ceteros
291 942 431 1040 quidem
447 941 574 1013 amicos
590 966 670 1013 suos
687 941 748 1013 niti
763 942 816 1031 iis,
841 968 920 1039 quae
937 944 980 1015 ab
996 942 1070 1039 ipso
1086 968 1182 1016 acce·

60 1060 157 1153 pedat,
197 1085 345 1157 quaeque
382 1058 446 1154 ipsi
479 1058 708 1147 accumulare,
747 1075 781 1130 et
814 1057 851 1129 in
875 1058 959 1131 alios
992 1084 1182 1157 congerere

59 1192 207 1267 promtum
235 1194 307 1247 est:
335 1174 545 1246 Marcellum
571 1191 686 1245 autem
702 1189 737 1245 et
754 1174 932 1270 Crispum,
957 1173 1108 1246 attulisse
1136 1176 1182 1247 ad

59 1289 209 1361 amicitiam
226 1314 339 1377 suam,
362 1288 457 1386 quod
473 1311 545 1359 non
563 1286 583 1359 it
599 1286 757 1385 Principe
773 1290 978 1385 acceperint,
994 1314 1058 1363 nec
1075 1289 1182 1387 accipi

57 1404 149 1499 possit.
197 1406 386 1477 Minimum
415 1405 503 1476 inter
518 1418 569 1474 tot
586 1426 624 1507 ac
641 1420 735 1475 tanta
760 1403 878 1475 locum
894 1404 1048 1477 obtinent
1063 1405 1183 1504 imagi·

39 1542 113 1608 nes,
134 1546 169 1593 ac
186 1521 288 1609 tituli,
314 1536 348 1591 et
364 1536 496 1608 statuae,
522 1542 601 1615 quae
627 1540 742 1613 neque
766 1517 838 1614 ipsa
866 1535 980 1590 tamen
1001 1521 1183 1619 negligun-

59 1651 120 1708 tur:
153 1654 221 1709 tam
255 1636 413 1725 hercule,
443 1635 549 1732 quim
582 1634 720 1722 divitiae,
745 1650 779 1705 et
810 1658 907 1729 opes,
932 1658 1017 1730 quas
1049 1632 1185 1710 facilius

59 1747 181 1825 invenies
202 1752 264 1849 qui
292 1752 473 1848 vituperet,
500 1750 606 1848 quam
636 1750 694 1846 qui
721 1748 876 1821 fastidiat.
928 1749 993 1821 His
1017 1749 1122 1849 igitur
1149 1768 1185 1823 et

57 1864 233 1958 honoribus,
261 1886 296 1941 et
323 1866 543 1956 ornamentis,
568 1884 602 1939 et
631 1864 860 1952 facultatibus,
892 1862 1035 1938 refertas
1061 1867 1185 1938 domos

57 2005 155 2054 eorum
171 1985 343 2072 videmuS,
360 1984 419 2080 qui
436 2008 472 2055 se
488 1985 530 2054 ab
546 1982 685 2055 ineunte
701 1980 929 2055 adolescendi
946 1968 1054 2055 causis
1069 1978 1185 2055 foren-

56 2095 130 2170 sibus
145 2118 177 2173 et
192 2094 345 2171 oratorio
362 2098 475 2171 studio
492 2098 672 2173 dederunt.

94 2336 123 2401 9.
139 2333 234 2403 Natu
254 2328 407 2404 camnine
423 2346 457 2403 et
472 2355 604 2419 versae,
622 2330 748 2427 quibus
762 2348 870 2403 totam
886 2330 990 2403 vitam
1006 2309 1188 2402 Maternus

55 2440 206 2520 insumere
223 2463 332 2544 optat,
351 2446 448 2544 (inde
465 2446 555 2518 enim
570 2446 681 2518 omnis
698 2445 798 2517 fluxit
811 2444 937 2538 oratio)
953 2468 1066 2542 neque
1079 2444 1189 2544 digni·

56 2575 141 2632 tatem
153 2564 259 2635 ullam
272 2562 469 2634 auctoribus
486 2561 555 2632 suis
568 2561 762 2648 conciliant,
778 2585 891 2657 neque
904 2560 1061 2633 utilitates
1073 2561 1187 2635 alunt:

56 2677 246 2772 voluptatem
264 2693 379 2750 autem
396 2678 551 2765 brevem,
577 2677 715 2748 laudem
739 2676 875 2748 inanem
892 2693 927 2749 et
941 2673 1190 2750 infructuosam
1227 2770 1230 2774 Ι

56 2812 307 2890 consequuntur.
358 2793 456 2866 Licet
486 2793 560 2865 haec
586 2793 672 2890 ipsa,
711 2812 746 2864 et
774 2819 853 2889 quas
882 2792 1005 2866 deinde
1035 2791 1190 2864 dicturus

57 2928 130 2996 sum,
162 2919 274 2982 aures
289 2926 371 2997 tuae,
409 2909 432 2982 ὃ
463 2907 635 2999 Materne,
670 2927 844 3006 respuant,
870 2909 925 2982 cui
953 2911 1047 2981 bono
1073 2907 1191 2996 est‚'si
1230 2987 1237 2995 ‚

57 3025 130 3116 apud
146 3043 181 3098 te
195 3031 456 3122 Agamemnon,
469 3044 527 3097 aut
539 3028 642 3100 Jason
655 3031 663 3069 ³
678 3025 803 3098 diserte
817 3025 994 3123 loquitur?
1019 3025 1095 3122 quis
1111 3027 1190 3096 ideo

58 3135 181 3212 domum
207 3140 382 3229 defensus,
409 3160 442 3212 et
471 3142 531 3213 tibi
561 3142 732 3238 obligatus
760 3141 872 3213 redit?
925 3142 1013 3236 Quis
1038 3142 1190 3213 Saleium

59 3258 208 3346 nostrum,
234 3256 414 3354 egregium
432 3273 580 3352 poetam,
606 3259 675 3345 vel,
700 3256 728 3329 si
744 3257 812 3329 hoc
829 3257 1109 3329 honorificentius
1126 3273 1190 3345 est,

60 3372 340 3458 praeclarissimum
356 3390 468 3445 vatem
486 3373 636 3462 deducit,
654 3390 712 3444 aut
729 3374 863 3462 salutat,
874 3390 932 3444 aut
948 3371 1191 3468 prosequitur?

60 3479 189 3582 Nempe,
216 3488 242 3559 si
269 3486 397 3558 amicus
422 3491 508 3585 ejus,
533 3487 560 3560 si
585 3485 812 3585 propinqum,
838 3489 865 3560 si
888 3487 1035 3585 denique
1057 3488 1130 3583 ipse
1155 3487 1192 3560 in

61 3597 179 3694 aliquod
208 3601 387 3700 negotium
412 3601 580 3692 inciderit,
611 3605 771 3676 adhunc
797 3603 998 3676 Secundum
1024 3621 1192 3690 recurret,

63 3731 107 3784 aut
129 3718 169 3788 ad
191 3735 238 3807 te,
265 3721 436 3808 Mateme,
461 3743 546 3809 non,
573 3721 652 3817 quia
677 3737 778 3816 poeta
805 3745 854 3809 es,
878 3743 992 3815 neque
1009 3736 1047 3790 ut
1063 3744 1127 3815 pro
1150 3744 1192 3791 eo
1270 3739 1297 3798 ο

64 3851 162 3905 tersus
190 3833 313 3911 facias:
353 3819 388 3909 lii
427 3837 518 3910 enim
552 3837 658 3915 Basso
691 3835 786 3908 domi
822 3853 1021 3923 nascuntur,
1058 3833 1195 3930 pulchn'

97 4059 104 4086 ¹
119 4064 229 4125 Caesaris
244 4067 375 4126 mnicititl.
419 4070 592 4146 Vespasiani.
645 4069 824 4128 tientisst'mus
836 4069 896 4127 ceri
908 4069 1024 4125 dicitur.

97 4139 351 4207 ²l'ntt‘entiset'mus
376 4151 445 4207 ceri.
495 4149 591 4218 Quam
686 4145 910 4228 ³Agutncnmun‚
924 4148 1086 4208 uutJason.
1126 4149 1211 4206 Tra-⁸

68 4219 161 4282 facilem
183 4229 298 4286 literatis
324 4229 389 4286 titis
410 4250 438 4287 se
459 4232 595 4305 praeberet
646 4232 751 4306 goedlas
763 4232 904 4288 scribebat
914 4229 1061 4289 Maternus
1069 4256 1077 4301 ;
1093 4243 1126 4289 ut
1139 4231 1197 4302 jam

68 4299 236 4380 l'spasianus
258 4311 351 4366 vitlen-
363 4323 403 4367 est
416 4313 493 4388 apud
509 4311 597 4368 Plini·
648 4309 768 4368 vidimus
784 4310 883 4389 supra.
926 4310 997 4367 ltaec
1018 4324 1114 4370 autem
1131 4323 1198 4371 sunt

71 4395 116 4451 ιιιιι,
136 4405 182 4445 ιιι.
203 4391 253 4466 Ep.
270 4397 298 4446 5.
321 4391 451 4448 uscos
474 4392 595 4459 audiret,
647 4393 846 4470 tmgoediarum
860 4403 1033 4470 argumenta.

70 4465 181 4524 noctibus
201 4473 340 4530 utebatur.
381 4473 450 4530 lude
465 4471 535 4530 lorti
547 4490 598 4550 pn·
