2859 4950
294 336 355 399 AD
373 334 510 397 t'rt’ttt
529 332 598 397 GN.
617 332 701 397 JUL.
722 328 955 395 AGRICOLAE.
1134 331 1194 397 6οῑ

51 490 126 561 iut‘m
149 514 218 580 cap.
235 490 290 559 36.
320 497 343 531 “
356 492 408 559 Ac
432 490 534 577 primo
556 512 722 575 congroeru
744 489 863 555 eminus
888 491 1082 555 certabatur:
1104 486 1210 573 simut,

51 603 232 682 consumit,
246 601 337 668 aimui
350 613 416 669 arte
432 601 582 683 Britanni,
599 602 679 666 &c.'‘
701 600 781 667 Vide
798 600 894 667 Miro.
909 600 989 667 Obs.
1008 623 1060 665 rx.
1076 602 1152 667 862.

97 715 162 781 Uni
174 717 377 801 imputantur.
422 713 509 781 Bsnd
526 713 692 781 Rbenanua
706 727 738 779 et
750 712 947 779 recentiores.
990 710 1029 777 ln
1044 713 1199 782 veteribus

48 827 243 906 editionibus,
256 825 325 895 edm
338 825 542 912 imputatur.

92 940 175 1005 Arte
188 937 273 1003 ducit
285 938 357 1003 ruti.
401 935 460 999 Vel
475 935 693 1021 supplendum,
704 944 774 1001 arte
784 935 870 999 ducis
883 936 1017 1001 revictos
1030 938 1095 1002 rati
1103 963 1114 1015 ,-
1137 937 1198 1019 rel,

49 1051 134 1137 quod
146 1047 252 1135 potids
265 1046 456 1129 crediderim,
468 1048 691 1111 emendandum
707 1046 874 1111 secundnm
891 1046 1114 1129 Boshornitrm,
1128 1062 1200 1117 erte

49 1160 135 1226 duris
144 1160 291 1246 superati.
316 1157 447 1223 Librarii
463 1160 534 1223 verb
546 1158 606 1223 hirc
622 1156 653 1223 iu
666 1182 699 1223 re
713 1170 798 1223 tanto
814 1158 932 1223 faciiids
946 1181 1045 1223 errare
1059 1176 1199 1245 potuere,
1315 1206 1319 1215 -

49 1273 133 1359 qudd
144 1294 228 1356 steps
241 1271 274 1335 ia
288 1270 391 1335 MSS.
402 1292 494 1356 ruper
503 1268 651 1335 scribatur
662 1269 753 1337 uniet
764 1269 851 1335 iiterb
860 1294 885 1351 r,
901 1270 973 1335 notb
990 1272 1198 1355 superpositi,

48 1395 83 1447 ut
95 1382 180 1448 rectd
194 1381 366 1446 observavit
382 1380 515 1465 Lipsius.
548 1380 703 1447 Terrebat
718 1380 954 1461 Freinshemius,
968 1404 1029 1447 non
1044 1383 1197 1463 virtutem,

47 1494 101 1561 sed
108 1494 299 1567 occasionem
312 1504 341 1559 et
352 1504 449 1559 ortem
461 1492 548 1559 dum
561 1494 635 1557 rati.
678 1491 894 1571 Heunrannus,
907 1495 1061 1561 occasione
1078 1506 1108 1561 et
1129 1510 1198 1563 orte

43 1605 206 1693 superati,⁸
229 1605 276 1672 rel
296 1605 401 1685 etiam,
423 1627 533 1674 cerum
546 1628 590 1669 un
612 1616 680 1671 arte
700 1608 848 1691 ruperuts'.
894 1602 944 1669 Ci.
961 1605 1109 1672 Ernestus
1122 1628 1201 1673 eon·

42 1717 125 1805 jicit,
139 1718 211 1785 nrt'e
224 1718 338 1799 risisse,
348 1716 466 1783 scilicet
478 1716 646 1797 Romanos,
661 1717 734 1781 rati.
777 1716 805 1781 F
806 1717 871 1781 orte
884 1716 951 1803 quis
965 1717 1032 1795 erit,
1049 1718 1101 1805 qui
1114 1719 1197 1783 exis-

51 1830 138 1894 timet
151 1828 301 1897 Tacitum
316 1810 481 1915 scripsisse,
494 1839 562 1895 arte
575 1828 660 1893 ducis
674 1828 750 1907 ruti,
764 1826 969 1911 intelligendo,
983 1829 1018 1893 s'd
1030 1830 1199 1918 contigisse.

50 1943 95 2006 Ar
108 1941 140 2006 id
153 1943 267 2005 durum
280 1940 407 2005 videtur.
451 1939 643 2005 Beneventi
662 1936 840 2018 Davanzati,
861 1940 910 2003 “i
934 1938 1073 2005 Britanni
1094 1956 1200 2007 tenen·

49 2052 118 2115 dosi
133 2051 209 2117 rinti
230 2074 292 2125 non
313 2049 505 2135 pervolare,
527 2073 577 2114 nra
597 2074 653 2136 per
673 2073 759 2129 caso,
781 2049 926 2115 esstuzia
947 2050 996 2115 dei
1011 2052 1200 2137 capitano?

49 2186 107 2228 nec
123 2163 222 2228 terme
237 2160 323 2225 aliter
335 2160 429 2227 ceteri
442 2161 630 2245 interpretes,
644 2160 720 2227 licet
733 2173 793 2226 non
808 2162 918 2225 endem
934 2162 1090 2227 brevitate.
1119 2164 1205 2232 Vide

50 2274 148 2341 Misc.
162 2274 247 2341 Oba.
261 2294 313 2337 rx.
328 2272 402 2336 atie.
417 2281 448 2338 3.

92 2499 187 2566 Cre.
210 2506 264 2562 98.
288 2494 333 2560 Er
346 2495 382 2560 in
397 2493 610 2560 Britanniam.
646 2494 733 2562 Bene
749 2496 826 2562 MS.
837 2491 1041 2572 vatin-5429.
1065 2495 1202 2585 Copula,

50 2623 77 2678 et
92 2614 180 2676 deest
191 2611 225 2674 in
238 2606 324 2673 libris
336 2607 435 2672 editis.

94 2721 244 2788 Irnmr'rtr'
256 2717 432 2807 manipulis.
477 2717 564 2784 Bene
579 2719 650 2784 libri
663 2721 749 2786 editi.
777 2717 865 2784 Mate
880 2717 958 2786 MS.
967 2720 1068 2787 Vatic.
1080 2723 1203 2792 r'ntmr'e'·

48 2836 89 2900 tit
102 2831 285 2920 manipulis.

99 2947 171 3012 Uno
194 2944 392 3031 remigrante.
413 2940 464 3007 Ita
485 2940 554 3008 libri
576 2965 681 3007 ornnes
695 2940 779 3022 editi,
803 2953 913 3028 preater
936 2941 987 3008 Cl.
1010 2944 1201 3030 Lallenratrd,

52 3062 106 3146 qui
120 3057 229 3136 edidit,
243 3055 423 3142 remigante,
439 3055 519 3120 fortd
534 3072 696 3140 operarum
711 3075 826 3118 errore:
840 3063 920 3118 'nam
935 3053 966 3118 in
980 3057 1060 3121 notis
1076 3059 1201 3126 nrinimd

52 3183 162 3235 monet
190 3190 223 3230 se
252 3166 417 3252 quidquam
443 3167 589 3232 mutitare.
631 3163 679 3230 At
702 3164 765 3228 siue
790 3165 896 3244 errori,
920 3164 983 3231 sive
1005 3171 1202 3255 conjecturor,

52 3285 136 3347 iavet
151 3279 231 3344 MS.
241 3275 320 3342 liber
335 3277 501 3344 Vaticanus
515 3285 612 3351 3429.
626 3276 680 3364 qui
689 3277 783 3340 habet
797 3299 930 3362 quoque,
945 3278 1122 3369 remigante.
1167 3283 1204 3348 Si

49 3393 121 3481 quia
133 3405 241 3456 tamen
254 3389 293 3452 ad
307 3412 408 3454 rerum
427 3388 535 3454 seriem
551 3387 722 3467 attenderit,
736 3387 924 3475 rernr'grorrte
938 3412 1043 3455 verurn
1059 3415 1094 3457 ac
1108 3417 1206 3479 genu·

51 3505 139 3570 inum
155 3523 226 3566 esse
244 3499 411 3587 judicabit.
455 3499 542 3566 Hinc
562 3497 645 3566 enim
666 3499 718 3564 alii
740 3501 803 3566 duo
825 3501 958 3586 suspecti
982 3515 1013 3565 et
1032 3495 1204 3575 interiecti:

49 3615 122 3682 binc
147 3613 290 3679 nondum
312 3610 436 3697 vulgato
459 3636 593 3693 rumore,
616 3623 652 3677 ut
671 3611 854 3678 miraculum
879 3613 1111 3698 provehuntur:
1133 3617 1203 3684 hinc

51 3729 174 3795 amiran
197 3747 254 3812 per
276 3721 425 3788 inscitiam
447 3723 570 3809 regendi
594 3747 695 3789 naves.
740 3723 925 3808 Explicatur
946 3722 1068 3809 quidem
1092 3725 1206 3795 illustr.

52 3837 213 3913 Huetius,
229 3831 309 3899 Crim
332 3857 427 3902 unum
448 3833 735 3925 dgnbernntoribus
753 3835 919 3924 remigrare
933 3833 1206 3924 deprehendissent,

51 3951 108 4018 doc
129 3960 177 4016 est
191 3947 298 4013 navim
312 3943 453 4026 ed,‚unde
460 3947 605 4038 profecta
619 3959 695 4028 erat,
710 3947 863 4024 reducere,
878 3947 955 4014 ulios
969 3947 1045 4013 duos
1058 3963 1208 4038 rrrspector

50 4065 214 4141 habrere,-
229 4057 394 4150 proptered
415 4059 602 4149 interfecere,
624 4070 717 4148 etque
737 4040 837 4146 iprum
858 4062 951 4126 stium
964 4062 1017 4148 qui
1039 4063 1208 4152 remigrare

45 4175 206 4263 parabat.
250 4173 298 4238 At
310 4169 506 4240 verisimilius
518 4183 572 4254 est,
586 4171 682 4258 inquit
701 4171 850 4252 Pichena,
872 4171 971 4254 illum,
993 4172 1157 4262 ontrqruim
1171 4199 1207 4242 er

45 4296 149 4376 portu
177 4283 339 4364 solverent,
367 4281 448 4350 elom
467 4307 498 4349 se
520 4281 706 4360 rubdnrirse,
728 4308 765 4350 or
786 4285 909 4350 domurn
931 4283 1032 4350 oerrds
1054 4285 1208 4353 remedsse.

51 4379 149 4466 Nom
159 4395 374 4464 dnottorrtdm
388 4397 497 4466 occisor
515 4407 656 4487 uppem.
698 4397 753 4464 Sic
776 4395 865 4469 vertit
879 4395 929 4463 ct.
945 4395 1088 4478 Gordon,
1110 4405 1132 4438 “
1147 4383 1207 4464 arrd
1280 4474 1283 4480 ¹
