2859 4950
41 345 66 410 ¹J.
75 339 102 397 C.
114 339 161 404 ³9·
332 327 442 388 LlBRl
462 327 616 386 OCTAVI
639 327 878 388 ANNALIUM.
1114 337 1173 404 295

43 521 68 570 ac
80 483 185 591 gladio
201 479 337 573 minax,
361 499 503 580 pontem
530 477 620 556 Baiis
644 481 846 582 ingreditur.
896 483 1023 584 Longo
1045 485 1170 564 ordine

43 608 145 705 equites
157 601 361 699 peditesque
374 599 586 672 hortatorem
598 614 931 696 monstratoremque
945 599 1027 672 belli
1039 600 1169 676 Princi-

40 749 98 822 pem
124 716 246 806 secuti,
265 713 477 814 fulgentibus
503 712 620 812 signis,
642 729 825 809 trucesque
846 713 958 822 uultu,
974 716 1019 787 ad
1043 715 1169 791 Puteo·

42 841 131 912 lorum
162 832 384 904 obsidionem
416 843 612 926 properant.
681 828 863 924 Oppidum
900 828 1024 919 adorti,
1057 829 1169 906 multi

41 950 220 1038 velitatione,
238 945 471 1043 omnibusque
486 942 567 1017 belli
582 941 788 1042 imaginibus
804 960 1015 1042 expugnant.

76 1194 124 1256 12.
147 1181 303 1254 Nonas
319 1175 415 1250 urbis
432 1173 558 1248 deditio
581 1171 767 1273 majoribus
788 1173 958 1250 celebrata
986 1174 1165 1254 laudibus:

39 1325 83 1376 aec
101 1269 215 1370 tamen
245 1292 398 1368 adulatio
426 1292 606 1365 vamtatem
638 1291 805 1388 Principis
833 1310 1062 1390 supergressa.
1113 1297 1168 1369 Ut

40 1415 170 1490 bellicam
187 1411 370 1498 virtutem,
384 1403 431 1481 ita
453 1396 699 1505 fatigationem,
719 1405 894 1495 mentitus,
910 1406 1082 1506 reliquum
1099 1409 1167 1483 diei

41 1527 207 1604 recreandis
229 1525 364 1600 viribus
389 1522 563 1596 absumsit.
614 1509 759 1595 Postero
787 1518 868 1611 die,'
894 1523 938 1596 ad
963 1547 1069 1596 novas
1095 1524 1169 1597 bbi·

41 1648 111 1720 diues
125 1642 288 1730 alacrior,
313 1637 448 1712 militari
476 1634 605 1736 pompis
629 1661 806 1737 regressus
829 1654 892 1711 est.
941 1638 1015 1710 lbat
1032 1639 1168 1736 quadn‘·

39 1762 109 1862 gario
123 1759 274 1847 habitu,²
299 1758 360 1830 sed
376 1753 492 1828 tunicis
508 1751 626 1844 aurel,
642 1751 750 1853 bijugi
764 1749 978 1828 famosorum
993 1779 1165 1853 equorum

41 1873 200 1964 curricula,
230 1871 407 1962 Darium‚³
443 1870 619 1966 multaque
652 1869 778 1942 deditae
810 1868 969 1944 urbisin
1001 1871 1166 1969 triumphi

40 1992 159 2064 nodum
187 1989 303 2087 spolia
330 2013 403 2087 prae
435 2011 473 2062 se
499 1985 624 2060 ferens.
676 1986 846 2060 Adstabat
880 1985 1167 2084 praeton'anorum

41 2131 152 2208 agmen,
178 2122 214 2180 et
234 2104 274 2178 in
296 2103 421 2180 essedis
445 2103 571 2184 cohors
594 2101 798 2191 anticorum,
822 2101 978 2200 palmatis
999 2103 1169 2177 vestibus*

43 2223 207 2322 magnifica.
261 2219 360 2294 Pond
389 2221 596 2317 sequebatur
621 2233 839 2317 expugnator
860 2216 1166 2329 exercitusqpluri·

42 2364 140 2440 utaque
151 2339 272 2429 turba,
286 2335 384 2412 tario
396 2334 541 2436 quisque
557 2333 654 2408 cultu
669 2331 829 2433 insignes.

81 2583 127 2645 13.
153 2574 250 2648 Cum
270 2573 315 2647 ad
331 2572 443 2672 pontls
455 2571 609 2647 medium
625 2591 825 2669 pervenere,
841 2568 1005 2669 Princeps
1016 2571 1166 2648 mbunal

42 2686 158 2762 navibus
182 2689 385 2790 impositum
400 2688 618 2779 conscendit;
643 2704 678 2761 et
692 2685 913 2785 imperatorio
933 2712 1032 2761 more
1043 2688 1168 2765 milites

43 2804 223 2896 adlocutus,⁵
246 2804 410 2905 jactitavit
425 2813 452 2850 “
461 2803 617 2880 -Darium
630 2820 664 2877 ct
680 2803 837 2876 Xerxem
849 2802 991 2901 puerilia
1003 2804 1163 2881 molitos:

43 2924 60 2959 “
77 2923 203 2996 severo
220 2921 343 3015 virilia,
360 2939 395 2995 et
409 2920 503 2994 orbis
515 2918 656 2993 domino
673 2918 778 3017 digna
788 2918 947 3018 gessisse:
973 2937 1168 2995 caterututtt

45 3038 61 3075 ‘⁶
79 3034 309 3135 calcatamque
334 3062 477 3136 aequor:
503 3053 715 3137 expugnatas
737 3034 862 3108 urbes:
890 3034 1041 3115 devictos
1057 3062 1167 3136 popu·

44 3154 60 3189 “
79 3151 138 3225 los:
163 3154 264 3227 Deos
280 3154 385 3252 ipsos,
400 3157 610 3254 majestatem
626 3176 724 3225 suam
739 3151 877 3240 veritos,
890 3150 998 3223 fluctu
1015 3150 1167 3252 flatuque

45 3269 62 3305 “
80 3266 278 3343 abstinerc.''
330 3270 419 3344 Haec
446 3270 578 3367 aliaque
601 3268 637 3341 id
665 3265 815 3341 stultitiae
843 3265 1022 3366 glorians,
1043 3266 1167 3343 milites

47 3598 157 3651 tumeret
169 3608 258 3653 cetra.
280 3594 356 3653 Vide
367 3594 470 3665 Quint.
483 3596 566 3653 Curt.
624 3594 794 3651 Parthorum
818 3592 898 3669 regis,
920 3593 970 3667 qui
993 3590 1077 3650 illum
1095 3594 1169 3654 obsi·

48 3684 84 3723 111.
105 3678 130 3729 t.
150 3684 176 3732 ot
201 3676 264 3751 jam
293 3688 392 3734 notata
425 3696 512 3754 supra
537 3678 567 3733 in
624 3676 686 3731 dem
711 3674 832 3729 Romam
857 3672 978 3741 miserat,
1000 3684 1033 3729 ut
1056 3672 1167 3733 dictum

47 3745 98 3806 liu
110 3755 258 3829 Agricolae,
270 3776 333 3835 cap.
347 3752 396 3817 36.
412 3769 469 3815 not.
482 3776 546 3834 sup.
624 3766 664 3811 est
677 3772 765 3828 supra
776 3754 805 3809 in
820 3752 922 3829 Suppl.
935 3752 1038 3809 Annal.
1050 3771 1107 3811 vrr.
1123 3762 1170 3815 12.

544 3836 547 3843 '
664 3828 679 3865 ⁴
699 3832 836 3891 Palmatis
850 3833 979 3891 vestitus.
1016 3832 1084 3903 Dio,
1099 3852 1168 3894 mx.

76 3900 213 3968 'Postero
223 3912 277 3969 die.
319 3912 473 3969 Suetonio
486 3912 567 3979 Caio,
624 3908 731 3992 p.658.
772 3910 883 3974 'Betim
897 3916 1017 3991 erogata
1060 3914 1170 3975 Eorum

50 3998 100 4039 11³4.
115 3986 178 4059 Dio,
192 4010 260 4050 tax·
275 4012 302 4069 p.
314 3989 384 4052 653.
624 4005 721 4061 vestes,
743 4012 815 4050 auto
835 3996 1022 4072 purpuraque
1044 3994 1171 4067 intextae,

77 4058 288 4151 ²Quarrigario
303 4073 408 4131 latita.
450 4072 567 4131 Sueten.
625 4088 706 4133 erant
731 4074 834 4153 palmis
858 4075 1031 4151 floribusque
1061 4077 1173 4151 conspi-

50 4138 144 4227 lttcit.
158 4150 223 4213 Non
236 4152 398 4231 paludatus,
414 4152 570 4227 triumpha·
626 4173 699 4213 cuae.
750 4156 796 4211 De
817 4153 983 4230 triumphali
1010 4166 1085 4211 veste
1106 4157 1171 4214 vide

52 4217 111 4295 liquo
133 4240 211 4305 veste,
231 4234 278 4291 sed
311 4246 344 4291 ut
371 4231 569 4309 quadrigarius
625 4254 690 4313 qua³
703 4235 861 4293 dictasunt
873 4234 977 4293 Auttal.
993 4252 1015 4294 t.
1033 4239 1078 4292 15.

51 4304 130 4391 aufigit
147 4328 211 4371 cum
233 4312 313 4389 galea
333 4327 361 4371 et
383 4310 484 4371 tunica
510 4312 571 4371 ibat
666 4313 676 4345 ⁵
698 4315 808 4373 Milites
821 4316 977 4374 adlocutus.
1020 4316 1088 4386 Dio,
1104 4332 1172 4378 ux.

53 4378 166 4489 Prptceps
176 4394 318 4472 victorque
331 4394 471 4451 scenicus.
626 4414 654 4471 p.
670 4390 740 4453 653.

111 4464 229 4541 Durium.
280 4474 385 4543 Filiuru
421 4474 570 4541 Artabani,
