2859 4950
468 298 781 397 annonarum

67 484 222 571 hendit:
279 490 348 578 27.
398 478 623 567 Messalam
672 483 834 596 longids
876 499 1098 601 uagantem
1145 488 1200 578 ad
1280 529 1283 540 ¹

68 628 314 743 propositum
341 626 512 711 retrahit
541 624 773 711 Maternus.
830 637 900 718 28.
929 630 1085 721 Causas
1103 636 1201 751 ergd

69 802 128 859 cur
158 774 400 885 eloquentia
434 787 671 883 ceteraeque
700 784 808 857 artes
830 772 869 876 ,d
900 790 1035 861 vetere
1070 778 1202 893 gloria

73 918 301 1035 desciverint
331 889 466 1001 adfert
484 916 695 1017 Messala,
727 918 928 1033 desidiam
948 923 1202 1031 -juventutis,

71 1064 346 1177 negligentiam
385 1074 622 1173 parentum,
664 1063 923 1145 inscientiam
960 1069 1202 1180 praecipien-

69 1208 169 1309 tium,
184 1219 230 1292 et
247 1208 495 1291 oblivionem
515 1206 639 1289 moris
657 1206 833 1318 antiqui.
881 1217 950 1293 33.
982 1210 1088 1296 Haec
1102 1216 1202 1299 edm

68 1353 259 1437 evolveret
281 1352 477 1451 Messala,
505 1381 602 1436 eum
621 1354 877 1437 restitantem
900 1356 1077 1465 impellit
1106 1356 1202 1443 Ma-

67 1508 193 1581 umus
207 1508 260 1583 ut
276 1506 559 1611 prosequatur,
574 1508 617 1579 et
636 1494 850 1607 quomodd
865 1510 1021 1583 veteres
1036 1502 1203 1614 ingenia

67 1642 223 1743 aderent,
271 1644 433 1726 doceat.
491 1652 560 1729 34.
591 1640 775 1725 Messala
810 1643 957 1725 veteris
995 1646 1201 1756 juvenum

65 1786 322 1872 institutionis
340 1795 447 1870 artes
467 1785 662 1899 explicat.
719 1794 789 1873 35.
820 1786 1074 1874 Recentioris
1102 1794 1204 1877 vitia

66 1934 213 2043 retegit.
244 1934 306 2017 Ar
325 1934 368 2015 iu
384 1930 457 2013 ltdc
466 1944 586 2043 porte
605 1932 763 2014 mutilru
782 1944 842 2015 est
865 1932 919 2017 M
916 1936 1047 2055 casule
1065 1967 1200 2023 suurn.

65 2076 185 2160 Periit
216 2079 381 2189 integro
411 2076 514 2160 Julii
540 2076 711 2161 Secundi
736 2080 876 2163 oratio.
935 2080 990 2163 Iu
1009 2081 1202 2168 Materno

66 2224 195 2304 desunt
216 2251 370 2335 quoque
399 2223 531 2306 irritis.
592 2224 690 2319 Quae
716 2228 993 2310 desiderantur
1019 2202 1203 2339 supplere
1302 2298 1310 2305 .

55 2368 179 2471 juvar,
193 2384 239 2449 ut
249 2362 420 2478 fucilirls
439 2370 491 2449 sit
511 2370 666 2477 drry'usce
686 2371 836 2482 dialogi
854 2367 1005 2453 seucum
1025 2374 1202 2486 adsequi,

67 2515 214 2624 qusque
256 2515 446 2598 utilitates
487 2518 705 2626 percipere.
766 2528 804 2600 1.
845 2516 1028 2600 Retectis
1062 2543 1203 2628 pravae

65 2656 327 2742 institutionis
363 2659 485 2757 vitiis,
524 2657 707 2744 Messala
739 2662 943 2774 juvenum
982 2661 1202 2758 inscitiam,
1223 2685 1245 2748 ,·
1287 2734 1295 2752 Ι
1400 2654 1401 2663 ¹

68 2803 155 2886 edm
169 2805 224 2886 ad
240 2817 354 2890 veros
367 2802 530 2914 judices
545 2815 715 2908 ventum
729 2814 806 2903 est,
820 2804 1022 2914 explodit,
1037 2832 1203 2916 eosque,

68 2947 144 3030 sine
162 2945 251 3030 ulla
271 2945 427 3058 publici
454 2947 687 3060 privatique
699 2947 804 3059 juris
823 2949 1088 3060 experientid,
1108 2949 1204 3032 exili

69 3092 224 3175 tanturn
258 3092 462 3202 elegantia
496 3093 710 3204 turgidave
748 3092 981 3204 granditate
1009 3093 1204 3176 ridiculos

71 3203 315 3345 scenidisque
335 3249 639 3352 praceptorum
658 3266 824 3320 suorum
849 3239 1005 3320 artibus
1034 3239 1206 3320 instruc-

73 3389 126 3462 tos
147 3381 310 3496 prodire
334 3377 531 3468 ostendit.
589 3390 628 3464 2.
661 3379 914 3464 Histrionicd
941 3380 1020 3462 hae
1045 3381 1207 3465 institu-

72 3525 174 3612 tione
206 3526 414 3638 perditam
448 3555 535 3608 esse
565 3527 846 3638 eloquentiam
880 3523 1105 3608 concludit.
1162 3536 1204 3609 3.
1333 3543 1338 3562 ‘
1400 3478 1401 3567 l

75 3657 302 3778 Maternum
318 3681 360 3753 et
378 3671 616 3755 Secundum
638 3671 826 3754 hortatur
845 3682 894 3753 ut
912 3670 1075 3752 altiores
1089 3669 1206 3768 alias,

76 3811 103 3892 si
117 3841 206 3925 quae
226 3815 321 3915 sint,
341 3845 486 3926 causas
507 3799 707 3930 aperiant.
766 3827 807 3901 4.
836 3815 973 3904 Julius
989 3811 1205 3895 Secundus

77 3983 149 4040 non
162 3969 248 4042 tam
267 3989 396 4044 novas
414 3947 621 4075 corruptae
637 3963 884 4077 eloquentiae
900 3985 1044 4043 causas
1060 3984 1206 4068 expro-

77 4100 155 4202 mit,
179 4105 308 4214 qudm
336 4101 362 4188 a
391 4101 575 4189 Messald
593 4109 737 4191 allatas
756 4104 952 4215 explicat,
978 4127 1206 4211 earumque

79 4243 257 4356 originem
290 4249 558 4334 demonstrat.
617 4260 655 4338 5.
685 4249 858 4333 Mutata
878 4275 1030 4358 nempe
1049 4227 1206 4366 'repub'-

81 4381 162 4488 licd,
179 4377 340 4505 mutata
358 4408 455 4523 sunt
471 4396 656 4510 ingenia3
685 4406 729 4482 et
747 4395 823 4479 sub
840 4389 1101 4502 Principibus
1121 4415 1205 4470 non
