2859 4950
276 348 334 403 150
550 366 554 389 ι
642 336 679 395 C.
699 332 899 395 CORNELII
918 332 1055 395 TACITl

272 494 414 573 nomina
433 489 531 591 prius
553 507 710 589 parentes
739 488 853 563 liberis
875 488 945 563 suis
965 488 1153 589 ingerunt?
1178 514 1261 588 quos
1286 487 1386 587 saepiiu

272 612 399 711 vulgus
430 606 640 706 imperitum,
665 622 699 678 et
727 605 918 679 tunicatus¹
948 606 1004 679 hic
1030 606 1180 703 populus
1207 622 1384 678 nauseantes

272 727 412 803 nomine
428 739 539 813 vocat,
564 738 598 800 et
614 721 721 821 digito
738 723 947 794 demonstrat
958 722 996 795 ἒ*
1045 723 1203 795 Advenae
1223 746 1346 818 quoque
1360 736 1384 790 et

274 840 460 949 peregrini,
479 843 551 939 jam
574 838 611 909 in
637 837 828 935 municipiis
849 855 883 910 et
904 838 1046 911 coloniis
1069 838 1139 911 suis
1164 838 1302 925 auditos,
1323 835 1385 907 cin

273 956 429 1055 primum
446 956 583 1027 Urbem
608 951 807 1051 attigerunt,
831 952 1023 1050 requirunt,
1047 978 1087 1027 ac
1103 956 1218 1027 vultus
1233 975 1386 1052 agnoscere

273 1070 531 1169 concupiscunt.

324 1315 359 1374 8.
385 1304 516 1373 Austn
534 1303 756 1390 contendere,
778 1302 986 1375 Marcellum
1002 1302 1095 1375 hunc
1112 1300 1269 1400 Eprium,
1283 1301 1323 1372 de
1337 1321 1387 1393 quo

270 1418 379 1491 modb
396 1418 531 1490 locutus
547 1419 649 1502 sum,³
676 1432 709 1487 et
736 1416 899 1513 Crispum
923 1418 1088 1491 Vibium⁴
1115 1418 1293 1516 (libentius
1318 1414 1386 1486 enin

267 1534 365 1609 novis
391 1551 425 1605 et
451 1532 657 1620 recentibus
682 1534 789 1629 quim
815 1533 955 1606 remotis
977 1552 1012 1607 et
1037 1534 1223 1607 obliteratis
1249 1528 1386 1625 exemplis

265 1650 364 1743 utor)
380 1674 452 1721 non
467 1648 585 1719 mimis
598 1652 692 1719 esse⁵
708 1647 745 1718 in
757 1649 919 1721 extremis
937 1649 1087 1746 partibus
1104 1666 1286 1737 terrarum,
1302 1646 1385 1743 quint

267 1768 413 1863 Capuae,
437 1780 496 1836 aut
512 1758 706 1853 Vercellis‚⁶
730 1764 788 1836 ubi
809 1764 877 1847 nati
895 1764 1076 1838 dicuntur:
1103 1790 1167 1838 nec
1184 1766 1252 1838 boc
1268 1762 1314 1834 illi
1327 1762 1385 1832 alte·

267 1883 339 1954 rive
356 1898 408 1952 ter
424 1878 545 1951 millies
561 1878 758 1951 sestertibm
773 1887 938 1976 praestat,⁷
964 1906 1173 1980 quamquam
1191 1882 1236 1953 ad
1252 1879 1310 1952 has
1324 1877 1388 1973 ipsas

268 2022 352 2094 opes
381 2012 523 2093 possunt
544 1992 651 2066 videri
672 1995 878 2091 eloquentia
903 1998 1072 2069 beneficio
1099 1996 1244 2085 venisse,
1268 1995 1325 2067 sed
1338 1992 1389 2087 ipsa

269 2112 475 2209 eloquentia,
488 2113 585 2208 cujus
601 2132 733 2181 numen
748 2124 783 2181 et
799 2110 946 2184 coelestis
962 2111 1012 2183 vis
1028 2112 1137 2185 multa
1152 2112 1293 2209 quidem
1307 2103 1390 2179 omui·

269 2230 335 2301 bus
363 2226 485 2299 seculis
514 2224 674 2319 exempla
701 2223 819 2312 edidit,
844 2225 887 2298 ad
915 2244 1076 2322 quantam
1104 2252 1213 2323 usque
1242 2224 1390 2299 fortunam

266 2342 425 2415 homines
453 2338 579 2439 ingenii
605 2337 735 2412 viribus
762 2342 990 2436 pervenerint.
1042 2343 1112 2416 Sed
1137 2343 1228 2432 haec,
1254 2358 1292 2415 ut
1312 2356 1391 2433 supra

265 2454 366 2547 dini,8
390 2456 560 2555 proxima,
586 2473 621 2528 et
637 2483 715 2554 quae
732 2482 803 2530 non
819 2457 938 2532 auditu
954 2460 1207 2558 cognoscenda,
1232 2458 1291 2531 sed
1308 2449 1391 2527 oculis

266 2575 449 2674 spectanda
466 2573 681 2645 haberemus.
724 2575 819 2646 Nam
836 2574 909 2672 qud
926 2575 1099 2648 sordidius
1115 2591 1150 2648 et
1164 2573 1329 2672 abjectius
1341 2562 1391 2639 nati

265 2707 359 2778 sunt,
370 2689 511 2787 qubque
527 2685 708 2759 notabilior
724 2706 903 2786 paupertas
919 2711 953 2762 et
970 2690 1125 2791 angustia
1140 2715 1261 2763 rerum
1277 2705 1391 2759 nascen-

265 2822 318 2878 tes
340 2829 399 2876 eos
424 2804 736 2891 circumsteterunt,
761 2805 805 2876 eb
823 2806 979 2896 clariora,
1004 2825 1038 2880 et
1054 2808 1098 2881 ad
1114 2799 1392 2878 demonstrandam

204 2982 208 2996 ,
265 2917 425 2996 oratoriae
457 2917 661 3015 eloquentiae
694 2919 873 2994 utilitatem
905 2923 1089 2996 illustriora
1121 2922 1283 3018 exempla
1312 2930 1391 2988 sunt:

267 3035 366 3134 qubd
382 3033 454 3108 sine
470 3033 767 3109 commendatione
782 3038 960 3128 natalium,
985 3039 1057 3112 sine
1073 3036 1262 3110 substantii
1278 3030 1392 3107 laculo

266 3171 355 3241 tum,
379 3166 502 3222 neuter
523 3150 677 3224 moribus
703 3153 875 3253 egregius,
900 3157 986 3229 alter
1000 3154 1119 3228 habitu
1136 3177 1279 3251 quoque
1295 3167 1392 3240 corpu

266 3268 313 3344 n's
345 3282 551 3353 contemtus,
588 3291 651 3362 per
683 3268 811 3350 multos
835 3273 907 3370 jam
940 3295 1048 3356 armos
1080 3265 1304 3367 potentissimi
1332 3271 1391 3333 sunt

306 3497 495 3555 'Tunicatus
534 3497 751 3557 Tunicatushic
765 3521 815 3578 po·
863 3503 944 3561 Orat.
959 3523 992 3560 x.
1008 3513 1034 3570 1.Ι
1061 3502 1157 3560 Vilius
1169 3499 1295 3578 Crispus,
1308 3511 1391 3569 compr

263 3577 363 3657 pulus,
382 3596 432 3633 seu
446 3576 556 3634 misella
567 3577 656 3654 plebs,
668 3598 725 3636 non
738 3581 812 3656 togd,
861 3584 941 3654 citur,
973 3591 1000 3640 rt
1013 3583 1210 3660 jucundaret
1237 3572 1391 3638 delectationi

262 3660 311 3720 scd
324 3656 424 3716 tunicl
436 3657 616 3714 induebatur.
862 3675 960 3735 notem
981 3663 1102 3741 privatis
1114 3671 1204 3730 tamen
1217 3661 1316 3727 cautu,
1328 3657 1391 3733 pedm

304 3735 318 3763 ²
339 3737 379 3794 Et
404 3736 494 3812 digito
520 3739 699 3797 demonstrat.
742 3741 811 3798 Indo
860 3744 988 3819 publicis,
1009 3743 1114 3800 melior.

262 3818 384 3902 Persius,
405 3821 492 3886 1228.
903 3820 1180 3881 ⁵N0nmt'nrisetre.
1211 3817 1391 3906 ,supplendum

261 3951 293 3994 ‚ae
305 3949 431 4002 parcarum
445 3949 696 3998 mauaommrran·
709 3953 813 3994 uerear
862 3903 983 4011 Vidfnls’
1003 3912 1092 3964 Μ’·
1238 3985 1245 3996 .
1363 3983 1369 3995 .

314 4010 351 4050 mc
360 4013 398 4048 aa,
530 4035 537 4048 ,
934 3984 1107 4061 (spumant
1123 3983 1267 4053 Vercellis.
1299 3981 1391 4039 Dela·

426 4089 430 4098 ·
860 4063 919 4140 pud
944 4065 1055 4122 dictum
1074 4083 1161 4140 supra
1182 4066 1389 4123 Annal.1t.5i‹

302 4137 313 4174 ³
346 4141 433 4200 Modo
465 4143 572 4202 locutus
603 4162 672 4200 cum.
719 4143 813 4218 Supra
862 4144 1009 4216 Vercellae,
1030 4163 1105 4201 nuuc
1134 4145 1253 4218 Verceil,
1274 4147 1301 4204 in
1324 4141 1390 4202 Pid-

263 4243 329 4342 ω’),
342 4228 468 4378 (⁵th‘spttm
496 4299 613 4360 Vitium.
662 4301 727 4371 lam
755 4323 812 4360 nte-
859 4233 989 4362 moltl'er
1001 4306 1100 4362 millies
1113 4301 1272 4370 sestertitlm
1280 4303 1390 4384 praesltl.

261 4394 402 4444 moratum
427 4401 514 4460 supra
535 4383 640 4440 Annal.
667 4402 736 4441 xtv.
761 4389 809 4442 28.
861 4385 992 4463 Angla
1010 4388 1160 4457 500,0001.

262 4465 309 4536 De
334 4483 394 4544 quo
417 4473 446 4522 et
472 4462 678 4537 Quintilianus,
709 4465 810 4524 instit.
900 4460 1107 4543 ‘Srtpraditi
1126 4455 1130 4461 ³
1148 4467 1220 4547 Cap.
1234 4463 1266 4538 6,
