2859 4950
201 410 208 416 ⁵
308 320 519 383 DIALOGUS
542 322 598 381 DE
619 320 892 381 ORATORIBUS.
1114 328 1171 383 145

58 482 212 581 quantum¹
236 477 313 551 satis
339 494 432 567 erat,
449 475 626 574 profluens
641 463 757 549 sermo
772 500 844 549 non
861 472 991 549 defuit:
1019 492 1053 549 et
1070 482 1169 575 Aper

58 593 198 671 communi
223 590 413 665 eruditione
440 592 607 681 imbutus,
642 594 884 665 contemnebat
912 592 1030 690 potius
1052 592 1169 669 -iiteras

58 710 136 809 quim
164 690 342 796 nesciebat,
376 725 554 804 tamquam
582 699 751 806 majorem
777 707 954 782 industriae
983 727 1017 781 et
1046 708 1172 784 laboris

58 826 170 925 gloriam
185 822 374 912 habiturus,
396 822 424 894 si
439 822 616 920 ingenium
633 824 707 922 ejus
723 822 827 895 nullis
843 822 1030 921 alienarum
1046 824 1173 898 artium

58 936 233 1012 adniiiculis
245 936 346 1009 inniti
362 935 546 1010 rideretur.
576 937 686 1037 Igitur
701 957 741 1009 ut
756 938 956 1030 intrauimus
972 941 1172 1014 cubiculum

57 1053 183 1141 Materni,
194 1053 373 1125 sedentem
388 1052 514 1148 ipsum,
525 1069 558 1124 et
569 1078 674 1149 quem
689 1052 799 1151 pridie
815 1054 1027 1146 recitaverat,
1044 1057 1171 1131 librum

56 1169 119 1242 imi
132 1192 247 1241 manus
264 1168 462 1256 habentem,
488 1167 789 1265 deprehendimus,

88 1414 113 1472 3.
134 1402 223 1471 Tun
242 1400 446 1473 Semanous.-
471 1398 533 1471 Nil
560 1423 605 1470 ne
626 1416 674 1488 te,
699 1399 822 1507 inquit,
848 1390 1020 1493 Materne,
1044 1403 1173 1480 fabulae

57 1515 252 1614 malignorum
275 1532 418 1603 terrent,
443 1515 633 1612 quominus
655 1515 802 1589 offensas
819 1518 961 1590 Catonis
983 1521 1032 1591 tui
1054 1520 1173 1595 ames?

58 1630 173 1703 hnideo
189 1630 321 1704 librum
346 1631 451 1703 istum
480 1632 746 1729 apprehendisti,
772 1650 811 1705 ut
827 1632 1026 1733 diligentius
1048 1654 1174 1709 retrac-

63 1767 126 1834 nro,
155 1764 188 1818 et
214 1746 371 1836 sublatis,
395 1746 424 1819 si
450 1774 530 1845 quae
557 1774 698 1845 pravam
724 1748 968 1845 interpretandi
998 1752 1178 1825 materiam

60 1862 201 1961 dederuut,
227 1862 401 1934 emitteres
417 1864 603 1951 Catonem,
628 1849 711 1936 non..
727 1864 868 1963 quidem
896 1866 1088 1957 meliorem,
1113 1869 1174 1940 sed

56 1994 137 2048 tanen
161 1977 399 2052 securiorem?
449 1981 544 2051 Tum
573 1982 643 2068 itte,
668 1984 782 2078 Leges
803 1996 841 2052 tu
865 1982 1005 2079 quidem
1027 1983 1055 2055 si
1076 1984 1176 2057 volu-

55 2090 119 2179 en's‚¹
139 2110 171 2164 et
195 2118 377 2191 agnosces,
402 2120 481 2190 quae
508 2092 652 2167 audisti:
680 2096 778 2191 quod
795 2094 823 2168 si
840 2122 908 2193 qua
934 2097 1047 2170 omisit
1073 2101 1176 2189 Cat0,

53 2208 175 2303 sequenti
190 2207 391 2282 recitatione
406 2210 596 2307 Thyestes³
615 2211 715 2284 dicet.
742 2214 843 2285 Hanc
861 2212 953 2285 enim
970 2213 1175 2313 tragoediam

54 2320 172 2417 disposui
183 2328 270 2422 jam,
296 2342 331 2396 et
356 2325 446 2397 intra
463 2352 520 2398 me
535 2328 608 2424 ipse
629 2326 786 2400 formavi.
838 2332 957 2426 Atque
974 2327 1051 2401 ideo
1069 2346 1179 2409 matu-

54 2460 107 2508 me
125 2438 197 2510 hhn'
220 2440 326 2540 hujus
349 2442 534 2515 editionem
561 2441 697 2534 festino,
724 2460 762 2516 ut
785 2442 922 2517 dimissi
944 2443 1057 2540 priore
1080 2443 1178 2534 curi,

53 2575 128 2625 nove
152 2555 350 2654 cogitationi
367 2574 440 2630 toto
456 2576 597 2656 pectore
620 2560 830 2633 incumbam.
880 2560 985 2633 Adeo
1003 2579 1037 2632 te
1053 2578 1180 2658 tragoe-

55 2666 101 2739 dia
121 2669 188 2744 istae
203 2697 278 2745 non
294 2673 427 2763 satiant,
451 2675 561 2772 inquit
578 2676 694 2772 Aper,
720 2676 922 2774 quominits,
947 2676 1078 2750 omissis
1105 2701 1181 2750 ora-

55 2781 162 2856 tionum
189 2805 224 2860 et
255 2787 438 2861 causarum
471 2792 603 2880 studiis,
641 2817 744 2864 omne
777 2809 914 2890 tempus
947 2793 1054 2864 modo
1090 2790 1180 2865 circa

56 2898 201 2991 Medeam,
233 2930 316 2977 ecce
342 2929 436 2977 nunc
463 2905 554 2978 circa
569 2907 761 3005 Thyesten,
786 2902 991 2980 consumas?
1017 2908 1102 2980 cium
1128 2925 1181 2980 tot

56 3015 217 3089 amicorum
240 3045 367 3109 causae,
393 3038 443 3093 tot
470 3023 684 3095 coloniarum
700 3041 735 3096 et
751 3022 1017 3120 municipiorum
1043 3022 1180 3095 cliente-

57 3128 155 3204 la⁴in
178 3131 297 3206 forum
322 3154 460 3226 vocent,
486 3137 611 3234 quibus
636 3137 696 3212 vix
723 3139 909 3228 sufficeres,
935 3119 1180 3212 etiamsinon

84 3406 91 3432 ¹
106 3411 136 3470 Iu
148 3425 286 3490 quantum.
330 3419 362 3475 ld
375 3431 425 3487 cst,
439 3431 580 3497 <parantum
632 3441 655 3480 1.
668 3443 697 3500 p.
711 3419 759 3480 65.
772 3423 866 3479 videre
880 3429 921 3476 est
933 3419 1072 3495 egregiam
1081 3419 1182 3479 Feren-

59 3489 105 3576 uatis
122 3498 184 3555 enit.
225 3499 275 3555 Sic
288 3499 318 3555 ia
330 3508 438 3557 turrium
463 3521 582 3578 usurpa·
632 3504 756 3563 tinorum
773 3502 911 3568 tabulam,
932 3499 990 3576 qud
1009 3513 1124 3559 censent
1144 3503 1182 3560 le·

60 3585 85 3624 ut
102 3572 208 3634 'staticus
230 3580 266 3634 de
288 3580 420 3637 Moribus
444 3580 581 3641 (iernian.
632 3597 710 3659 gatos
730 3585 804 3640 mitti
826 3599 884 3639 an.
898 3599 926 3637 r·
942 3598 1184 3642 Pomrourvat.

61 3660 159 3723 (alludi.
636 3682 792 3720 nassum.
820 3675 1098 3720 cLAItlsslem.
1133 3681 1186 3720 vr·

89 3727 193 3812 ²Leges
216 3747 248 3795 tu
272 3739 378 3813 quidem
399 3740 425 3798 si
452 3744 582 3799 solareris.
636 3760 942 3807 armoricanae.
956 3759 1185 3801 turpantur.

62 3807 122 3869 Forti-
139 3819 352 3886 ciumdnudum,
374 3821 445 3897 leges
465 3831 495 3878 tu
517 3823 585 3897 quid
635 3843 687 3880 is.
713 3839 969 3881 cutnurnnnn.
996 3839 1187 3880 emerissi·

65 3887 183 3953 thronus
194 3899 248 3954 stoi
260 3900 394 3957 (debuerit.
437 3903 512 3958 Vide
525 3914 583 3958 not.
638 3923 660 3960 Μ
669 3924 686 3960 Α
696 3922 724 3960 Ε.
739 3922 812 3963 nont
821 3919 893 3959 vaus
902 3921 945 3958 vn
954 3921 981 3959 n.
994 3919 1016 3957 Μ
1025 3920 1187 3961 vrtlclel·

64 3979 183 4033 irenem.
197 3981 233 4036 ud
248 3999 314 4054 cap.
329 3987 358 4036 3.
636 4003 697 4041 vn.
708 3997 1188 4043 uos¹ruvn.nnc1rcnn.nro-

93 4045 250 4132 'Tipr‘ec
278 4060 421 4128 Alterum,
435 4075 462 4119 et
486 4075 584 4116 notum
637 4083 771 4122 nervii.
807 4079 1101 4125 narnouvruovn.
1136 4083 1187 4123 su.

65 4135 178 4206 tragedia
190 4153 399 4212 argiriucntum.
635 4161 838 4202 consuant.
872 4159 1035 4200 ranvnn.
1067 4161 1190 4202 noser-

91 4220 101 4240 *
118 4213 256 4277 Clienteln.
296 4220 444 4278 Clivntciae
458 4219 585 4276 colonia·
637 4243 739 4281 rant.
755 4239 1189 4283 rucrsa.rroc.n1·:cnuro.

67 4305 112 4347 tnui
123 4309 147 4350 et
159 4300 385 4376 municipiorum,
401 4321 466 4376 quae
481 4302 588 4356 Mater·
639 4323 691 4361 ru.
709 4323 784 4362 nou
795 4325 824 4361 o.
844 4323 882 4362 sv
893 4323 922 4359 Α.
942 4319 1086 4361 rosrrn.
1106 4321 1190 4380 runs

70 4376 427 4455 nuncii-girantpntronum.
450 4381 585 4456 steapud
643 4403 794 4443 urrann

70 4448 182 4528 Cium,
194 4461 396 4536 Inscriptionet
415 4461 514 4538 Antip.
532 4460 588 4520 vol.

189 4578 276 4628 VOL.
295 4579 348 4628 lv.
947 4579 973 4627 Κ
