2859 4950
308 293 521 360 olamans
543 295 601 360 DE
617 294 897 361 onaromnua
1109 302 1172 368 ΞΜ

42 449 210 556 inquibus
236 453 307 552 jam
339 449 414 530 ferd
448 451 608 550 plurimae
636 475 751 530 causa
782 455 1029 554 explicantur?
1076 461 1174 536 Nam

44 571 197 672 quomodo
224 569 357 646 nobiles
384 595 494 670 equos
522 594 645 646 cursus
660 567 819 670 et'apatia
847 574 1019 669 probant3
1044 574 1093 650 sic
1120 593 1177 654 eat

43 687 139 786 aliquis
169 705 345 760 oratorum
377 711 534 784 campus,
558 711 622 784 per
646 711 758 784 quem
788 687 853 761 nisi
879 689 978 764 liberi
1006 709 1043 766 et
1069 693 1176 770 soluti

43 801 184 894 lenitur,
206 804 401 880 debilitatur
416 829 455 878 ac
474 802 646 904 frangitur
662 802 869 902 eloquentia.
897 800 1011 904 Ipaarn
1026 807 1177 908 quinim-

43 943 84 992 m
106 943 222 996 curam
238 938 272 994 et
289 919 459 1022 diligentis
475 921 554 1021 styli
570 921 779 996 anxietatem
807 923 1017 998 contrariam
1039 926 1177 1023 experi-

43 1059 119 1108 uur:
145 1036 224 1138 quia
239 1061 332 1136 saepe
347 1035 535 1136 interrogat
548 1038 659 1137 judex
670 1065 681 1128 ;
710 1039 854 1135 quando
880 1039 1043 1139 incipias:
1069 1060 1105 1116 et
1126 1069 1177 1119 ea

44 1151 284 1252 interrogatione
299 1154 374 1252 ejus
389 1151 624 1250 incipiendum
649 1170 712 1226 est.
763 1155 979 1254 Frequenter
1004 1158 1179 1256 probatio·

44 1265 122 1342 nibus
146 1285 180 1342 et
204 1267 361 1360 testibus,
387 1269 560 1342 silentium
588 1287 756 1368 patronus
780 1272 946 1346 indicitz'
970 1274 1180 1350 unua'inter

43 1381 97 1457 hac
123 1385 245 1458 dicenti
261 1410 300 1460 ac
318 1385 405 1460 alter
430 1385 587 1476 adsistit,²
610 1403 646 1460 et
661 1409 718 1460 res
733 1386 882 1462 velutin
897 1388 1083 1464 solitudine
1106 1389 1179 1490 agi·

42 1515 90 1572 tur.
135 1503 278 1577 Oratori
303 1520 419 1578 autem
445 1503 609 1577 clamore·
623 1502 818 1600 plausuque
833 1528 923 1600 opus
940 1523 1004 1595 eat,
1028 1524 1065 1580 et
1080 1507 1179 1582 velut

42 1606 169 1712 quodam
185 1618 345 1692 theatro:
372 1618 484 1717 qualia
501 1617 654 1717 quotidie
670 1617 818 1719 antiquis
833 1620 1029 1696 oratoribus
1043 1623 1179 1697 contin-

43 1733 164 1828 gebant:
196 1734 285 1809 cum
315 1749 367 1808 tot
394 1734 522 1832 pariter
550 1759 589 1808 ac
619 1750 690 1806 tam
719 1736 853 1810 nobiles
877 1733 998 1810 forum
1025 1757 1179 1816 coarcta-

45 1866 119 1926 rent:
158 1850 247 1925 culm
288 1850 455 1924 clientelae
488 1875 642 1948 quoque,
680 1866 715 1925 et
754 1852 878 1941 tribus,
907 1853 1180 1952 municipiorum

44 1963 122 2040 etiam
145 1965 347 2068 legationes,
371 1991 410 2040 ac
440 1989 519 2064 pars
548 1965 654 2039 ltaliae
676 1965 952 2066 periclitantibua
975 1971 1179 2048 mantem

45 2079 109 2154 cim
130 2082 166 2157 in
186 2084 362 2182 plerisque
386 2082 522 2188 judiciis
549 2083 707 2156 crederet
731 2085 883 2182 populus
907 2085 1091 2162 Romanus
1114 2111 1181 2164 aua
1308 2151 1312 2156 .

44 2191 179 2276 interm
194 2201 283 2300 quid
294 2201 517 2302 judicaretur.
568 2199 657 2274 Satis
685 2217 819 2275 constat
836 2203 879 2276 C.
899 2202 1120 2294 Cornelium,
1142 2221 1181 2280 et

45 2311 83 2386 Μ.
97 2318 278 2408 Scaurum,
301 2335 338 2392 et
353 2319 399 2391 T.
417 2317 602 2408 Milonem,
626 2333 662 2394 et
678 2317 721 2394 L.
739 2317 916 2406 Bestiam‚³
942 2335 978 2391 et
993 2319 1033 2393 P.
1052 2319 1185 2394 Vatini·

45 2449 294 2521 un‚concu1au
322 2435 425 2523 totius
454 2433 596 2511 civitatis
618 2449 653 2507 et
675 2450 853 2509 accusatos
874 2449 909 2507 et
931 2431 1115 2510 defensos:
1139 2450 1182 2511 ut

44 2540 258 2646 frigidissimos
286 2574 427 2650 quoque
456 2566 622 2641 oratores,
646 2549 721 2650 ipsa
741 2548 902 2625 catanus
917 2550 1039 2649 populi
1054 2551 1182 2643 studia,

44 2663 169 2739 excitare
190 2686 224 2742 et
246 2667 432 2742 incendere
457 2666 641 2763 potuerint.
693 2669 813 2767 ltaque
837 2666 982 2743 hercule
1010 2667 1182 2767 ejusmoffi

46 2770 105 2851 libri
125 2802 257 2875 extant,
281 2802 321 2857 ut
341 2782 405 2881 ipsi
426 2808 580 2887 quoque,
605 2782 665 2885 qui
691 2800 853 2885 egerunt,
876 2808 950 2891 uon
976 2784 1051 2860 aliia
1071 2783 1185 2887 magi

46 2895 232 2974 ontiombna
251 2916 466 2985 censeantur.
662 2917 665 2923 ·
835 2964 838 2969 .

48 3120 260 3205 inspiciebantur,
272 3140 307 3190 ut
318 3133 414 3191 videte
426 3145 468 3199 cst
479 3134 508 3193 in
522 3134 576 3193 Di·
625 3146 683 3197 cat.
726 3136 782 3195 Scd
807 3142 955 3214 patronus,
982 3134 1035 3213 qui
1059 3152 1180 3196 cauum

48 3218 99 3277 tut.
117 3211 191 3271 libr.
213 3230 333 3273 ιιιιιιι.
356 3214 414 3275 Tit.
439 3220 484 3274 1³.
526 3218 574 3275 Ad
628 3218 807 3295 precipitare
822 3214 945 3286 volebat,
963 3217 1184 3293 probationum

49 3282 238 3360 legenluliarn
258 3293 423 3355 Peculatla.
465 3296 531 3373 teg.
546 3302 573 3355 8.
629 3313 657 3357 et
671 3300 798 3366 testibus,
819 3296 900 3373 quasi
915 3294 1005 3357 cauri
1024 3297 1091 3354 satia
1112 3316 1181 3375 cog·

49 3363 201 3453 delabulia.
244 3375 333 3434 Porro
355 3376 383 3433 in
399 3375 576 3436 his¹audito-
630 3380 701 3450 nita,
721 3398 773 3436 nec
794 3378 1000 3454 reliagantibua
1017 3376 1183 3453 judicibus,

49 3446 272 3515 nisettabulariia
283 3474 377 3515 cauare
391 3458 576 3536 explicaban-
630 3460 776 3519 silentium
793 3456 949 3519 indicebat.

49 3534 93 3615 ξιτ,
106 3550 157 3591 uon
169 3536 237 3595 vero
249 3538 415 3597 orabuntur.
450 3542 496 3598 Ac
511 3558 577 3616 pro·
669 3536 683 3565 ²
711 3540 847 3618 Adsistit,
888 3540 997 3598 Contra
1020 3538 1087 3599 verd
1109 3540 1183 3602 olim

51 3608 100 3667 inde
121 3615 213 3675 nullus
239 3608 412 3695 eloquentie
442 3620 576 3698 impetus,
631 3620 811 3680 auditorium
832 3638 943 3697 sempor
963 3621 1092 3699 plenum,
1109 3642 1185 3683 aem·

53 3686 130 3751 nullus
155 3697 244 3769 calor,
268 3700 347 3775 vigor
372 3698 486 3761 nullus:
517 3700 577 3777 qud
632 3712 814 3779 pernotum,
834 3702 1105 3780 utvidimuasupra
1116 3723 1184 3783 cap.

53 3765 120 3859 deire
141 3778 203 3837 vide
228 3778 466 3856 elegantissimam
490 3782 575 3840 Plinii
633 3788 684 3843 34.

54 3854 189 3929 paulam,
210 3878 248 3920 ιι.
265 3866 313 3931 19.
674 3857 744 3919 ³13.
766 3859 901 3921 Bestiam.
940 3862 1044 3921 Oratio
1068 3864 1187 3924 Cicero·

418 3992 421 4001 ι
634 3942 677 4001 nis
697 3960 751 4020 pro
773 3942 805 4002 1.
827 3942 924 4001 nestit
948 3944 1049 4021 periit:
1070 3958 1184 4019 cetera,

71 4002 93 4096 .⁸
112 4012 247 4081 Pulrorua
268 4020 380 4081 indicit.
419 4022 466 4083 Cl.
482 4022 579 4081 Mora·
634 4042 699 4103 quae
711 4020 762 4081 hic
775 4035 978 4095 memorantur,
999 4024 1042 4081 vel
1064 4026 1187 4102 mutilen,

56 4083 101 4159 bu,
117 4102 249 4175 emendat,
268 4112 408 4180 patrono:
430 4104 478 4161 Cl.
495 4104 530 4161 de
550 4104 579 4161 la
635 4106 678 4163 vol
692 4104 813 4164 reiectae.
851 4106 916 4165 Una
928 4104 959 4161 in
973 4105 1124 4165 Vatinium
1136 4127 1188 4165 ex·

58 4162 188 4255 Momoye,
198 4184 337 4259 petronia.
378 4182 463 4242 Forte
475 4196 580 4257 tumen,
636 4196 678 4245 tat
691 4186 809 4262 integra.
856 4186 903 4244 De
916 4186 1043 4245 oratione
1056 4188 1188 4267 prolien-

57 4246 230 4321 ⁰bverborum
244 4282 421 4343 compagem,
441 4284 507 4341 qne
529 4264 579 4323 rix
635 4266 676 4325 tid
700 4267 765 4323 vide
786 4266 955 4325 Ciceronem
978 4269 1015 4327 ad
1040 4269 1187 4341 Quintum

59 4338 220 4403 bublionem
233 4346 351 4427 patitur,
367 4344 441 4405 nibil
452 4338 502 4409 hle
513 4364 581 4425 pee-
636 4346 774 4419 Fratrem,
794 4364 847 4407 ιιι.
860 4349 915 4427 Ep.
928 4354 959 4410 2.
