2859 4950
227 314 293 375 AD
312 312 389 374 Its.
410 310 469 371 DF.
489 308 676 373 MORIBUS
697 310 1018 375 GERMANORUM.
1139 320 1199 385 tte

58 466 166 533 Cer.
206 473 264 531 rt.
295 464 546 532 Pertracteatar.
591 464 735 545 Grotius,
763 464 922 531 Acidsiius
942 476 974 530 et
1002 464 1202 533 Borbomius

28 580 170 659 uellent,
198 551 469 665 pretrb'ctentur5
505 592 598 663 etque
634 577 677 641 ita
704 576 856 643 edendum
886 590 991 643 censet
1025 576 1077 641 Cl.
1105 579 1144 645 de
1171 579 1202 647 lu

28 690 184 757 3leterie.
238 688 285 754 At
305 700 508 774 pretractare
536 687 682 752 Latinum
705 702 842 753 nonest.
885 687 1013 754 Veteres
1038 690 1203 777 scriptores
1268 772 1273 781 1

28 802 145 883 lisere,
163 800 251 865 arrtd
263 810 409 866 tractare.
454 799 508 865 Sic
523 799 689 865 Suetonius
703 798 736 864 in
749 801 885 885 August.
899 822 1016 867 xxxv.
1039 810 1061 842 “
1073 802 1204 891 Sibique

28 913 164 979 nstituit
197 912 334 977 consilis
367 911 467 977 sortiri
496 912 664 988 semestris,
692 912 763 977 crim
794 912 905 997 quibus
934 914 973 977 de
999 914 1130 999 negotiis
1165 916 1205 981 ud

28 1026 238 1113 iequeutem
254 1036 394 1088 senatum
407 1022 574 1088 referendis
588 1024 658 1089 suti
673 1022 848 1088 tracteretl’
889 1022 1043 1090 Praeterei
1053 1036 1206 1112 prestruc-

28 1148 134 1205 ventur
159 1135 318 1222 frigidum
341 1137 431 1214 toret,
452 1148 485 1199 et
503 1132 524 1197 d
544 1134 649 1199 Taciti
669 1132 774 1199 niente
788 1132 932 1200 alienum.
978 1135 1080 1201 Paulo
1096 1136 1206 1203 melida

28 1248 151 1314 illustr.
173 1246 330 1327 Huetius,
339 1256 587 1333 pertractentur,
600 1244 746 1332 explicet,
757 1244 966 1335 qaasipopuli
978 1246 1106 1313 decretis
1114 1247 1210 1335 prtu-

28 1360 111 1447 ripes
126 1356 330 1426 intercedere
336 1358 465 1444 possint.

73 1471 259 1538 Inciderit.
303 1468 342 1533 ln
353 1466 458 1534 MSS.
473 1468 574 1534 Vetie.
587 1480 621 1534 et
633 1468 819 1535 editionibus
832 1470 995 1550 veteribus,
1006 1469 1127 1536 incidit.

76 1580 395 1671 auspicatissimum.
441 1579 528 1646 Beni
552 1578 736 1646 Beroaldus.
779 1578 818 1645 In
837 1582 989 1647 veteribus
1010 1580 1207 1663 editioribus,

28 1693 338 1782 suspicacieslmum.

79 1804 154 1872 Nee
181 1817 223 1871 ut
238 1804 335 1894 jussi.
379 1804 428 1870 Ita
451 1804 555 1871 MSS.
569 1804 673 1870 Vetic.
691 1804 820 1870 resset
847 1812 939 1869 1518.
984 1804 1079 1877 Quod
1096 1804 1208 1869 meritd

32 1921 256 2003 probaverunt
282 1916 406 2003 Lipsius
421 1930 453 1982 et
468 1916 635 1983 Emostus:
673 1912 713 1979 In
729 1914 806 1980 MS.
821 1913 922 1979 vatic.
936 1920 1034 1989 4498.
1054 1929 1086 1982 et
1100 1913 1210 1983 veteri-

34 2030 98 2094 bus
119 2028 328 2109 editionibus,
349 2051 404 2094 nec
416 2030 511 2117 jussi.
556 2028 635 2094 MS.
654 2026 757 2092 Vstic.
773 2028 869 2099 2964.
893 2049 947 2092 ricc
967 2026 1087 2113 irp'asst.
1131 2026 1210 2099 MS.

37 2140 200 2207 Aruudei.
216 2164 274 2207 nec
286 2142 430 2229 atjaou.

86 2252 221 2321 (tuitus
236 2263 311 2318 turc
358 2250 450 2316 Mate
467 2250 570 2316 MSS.
583 2248 688 2316 Vatie.
703 2250 786 2315 1862
797 2261 829 2314 et
842 2250 940 2325 2964.
951 2248 1063 2337 quidus
1076 2262 1189 2317 tamea.

88 2363 135 2431 Ut
151 2364 258 2430 turbe
267 2362 402 2449 placuit.
446 2361 577 2441 Metius,
591 2372 626 2427 ut
647 2359 741 2427 turbu
751 2360 885 2447 placuit,
900 2361 933 2426 id
947 2374 1004 2439 est,
1017 2362 1090 2427 sutis
1105 2384 1212 2429 nume-

42 2498 114 2541 rose
137 2477 208 2545 visa
234 2488 292 2541 est.
349 2474 403 2541 Sic
432 2487 558 2560 quoque
579 2471 703 2538 volebat
725 2473 916 2555 Gronovius,
940 2489 1032 2560 utque
1052 2474 1096 2538 its
1117 2474 1213 2540 edidit

46 2584 98 2652 Cl.
115 2587 317 2654 [allemand.
361 2586 479 2651 Verum
494 2585 566 2650 cum
588 2585 682 2650 ceteri
697 2607 805 2650 omnes
819 2585 890 2650 iibri
905 2587 1099 2670 habeantfflt
1113 2585 1212 2654 turba

41 2698 179 2784 placuit,
195 2714 292 2787 utque
302 2697 332 2764 id
348 2721 473 2786 quoque
490 2697 635 2764 Latinum
649 2695 700 2777 sit,
713 2695 788 2762 nihil
803 2697 928 2766 mutavi.
1261 2707 1263 2712 ’

92 2930 188 2998 Cur.
215 2939 268 2996 12.
283 2929 467 3000 Arboribus
492 2929 690 3016 suspendant.
736 2925 843 3004 Qudm
865 2929 997 3016 graviter
1025 2934 1213 3020 punirentur,

50 3042 103 3129 qui
133 3067 208 3108 reos
238 3042 310 3108 iude
337 3043 561 3128 deposuissent,
594 3040 737 3108 aestimsri
774 3055 879 3128 potest
906 3065 943 3107 ex
982 3043 1068 3129 Lege
1097 3046 1214 3129 satiet,

51 3153 116 3218 Tit.
142 3175 255 3220 ιω.
279 3153 359 3239 Leg.
377 3163 405 3218 l.
438 3153 509 3219 “Si
535 3153 602 3241 quis
623 3152 780 3218 hominem
803 3152 904 3218 visum
926 3156 965 3218 de
987 3156 1077 3220 sured
1107 3157 1214 3224 tollere

54 3265 279 3356 presumserit,
298 3277 331 3330 et
351 3265 426 3351 lugd
446 3264 550 3352 lapsus
572 3264 673 3346 fuerit,
688 3259 748 3330 'ille
767 3263 821 3351 qui
833 3286 905 3329 eum
927 3263 1040 3345 tulerit,
1055 3279 1108 3332 sut
1121 3269 1215 3334 vitam

56 3397 115 3458 pro
150 3378 226 3464 ipso
253 3377 383 3456 emittet,
419 3391 473 3443 sut
496 3399 565 3442 virt
598 3397 639 3441 st.
667 3379 738 3444 den.
768 3375 823 3462 qui
844 3375 961 3441 fuciunt
994 3376 1121 3458 solidos,
1144 3399 1216 3446 cc.

58 3488 225 3574 culpabilis
249 3484 437 3576 judicetur.''
481 3488 534 3554 Ne
564 3501 720 3554 mortuum
751 3489 875 3574 quidem
904 3489 1060 3574 deponere
1093 3489 1217 3563 licebat.

59 3597 140 3664 ibid.
170 3600 253 3685 Leg.
281 3609 314 3666 4.
360 3601 432 3666 “Si
454 3601 523 3689 quis
541 3600 606 3666 siae
627 3621 778 3665 consensu
796 3599 923 3688 judicis,
956 3601 995 3664 de
1029 3624 1127 3683 remo,
1164 3605 1219 3673 ubi

61 3706 248 3789 iuorocstur,
285 3713 439 3798 deponere
482 3711 697 3798 presumserit,
736 3731 825 3776 racc.
864 3714 968 3778 denar.
1012 3715 1066 3801 qui
1104 3717 1221 3786 fuciunt

61 3819 178 3886 solidos
209 3845 304 3887 xxx.
336 3822 499 3908 culpabilis
527 3821 715 3918 judicetur.''
757 3821 808 3888 Ita
836 3831 941 3889 suteui
971 3849 1136 3912 suspensos
1167 3828 1222 3896 diu

62 3929 172 3996 risisse
193 3945 281 4018 petet
298 3957 337 3999 ex
361 3934 492 4000 Ricullo
510 3934 635 4012 clerico,
657 3937 774 4022 dequo
788 3935 1165 4021 GregoriusTurouensis,
1189 3965 1221 4012 V.

65 4049 117 4105 50.
138 4051 163 4084 “
176 4045 232 4109 Ab
253 4046 333 4111 bord
360 4045 452 4111 tertii
474 4046 545 4125 diei,
574 4047 715 4112 revinctis
740 4061 813 4134 post
834 4063 954 4134 tergum
976 4052 1129 4134 munibus,
1157 4079 1224 4122 sus-

66 4173 178 4236 pensus
191 4157 231 4222 ud
245 4161 386 4225 arborem
401 4160 612 4244 dependebst3
641 4160 681 4223 ad
700 4159 810 4224 borum
828 4161 904 4225 verb
919 4185 1030 4228 nonam
1052 4165 1225 4250 depositus,

69 4277 270 4357 extensusque
308 4272 347 4336 ud
383 4269 526 4349 trocleas,
560 4270 737 4336 caedebstur
771 4270 913 4352 fustibus,
947 4273 1049 4360 virgis,
1083 4299 1120 4341 sc
1151 4275 1228 4379 loris

66 4375 253 4466 duplicibus,
281 4394 313 4448 et
340 4405 403 4450 nou
429 4384 470 4448 ab
495 4405 571 4462 runo,
597 4381 643 4449 rcl
667 4383 800 4466 duobus,
824 4385 876 4450 sed
891 4397 968 4472 quot
981 4387 1128 4460 accedere
1144 4387 1227 4458 circu
1280 4450 1287 4460 ,
