2859 4950
249 337 310 403 194
651 324 990 389 SUPPLEMENTUM
1181 330 1371 403 mucan.

183 539 186 546 ·
248 491 407 579 arbores,
449 500 674 583 comportatas
706 482 880 557 materia:
923 496 1107 557 exstruaae
1147 504 1266 579 navem
1305 512 1374 585 que

249 606 336 681 etim
352 606 396 679 ad
411 602 614 676 immensam
630 598 920 675 substructionem
945 600 1038 672 haud
1054 596 1256 691 sufficerent,
1271 626 1373 675 onera·

249 718 311 795 riae
327 745 469 818 quoque
485 722 693 793 contracta·
745 720 838 791 Inter
853 738 1038 814 operarum
1062 714 1273 806 alacritatem,
1289 720 1374 791 Urbe

248 853 284 911 et
300 836 396 909 ltalia
419 833 662 907 alimentorum
686 838 855 933 egestate²
881 832 1125 923 laborantibus,
1142 855 1227 929 pons
1249 832 1375 906 innati-

245 952 327 1041 bus,
360 950 487 1047 duplici
515 950 637 1028 ordine
661 950 706 1022 ad
734 950 901 1024 anchoras
933 945 1120 1037 collocatis,
1137 950 1374 1047 superjectoque

248 1092 376 1166 aggere
392 1085 544 1156 terreno,
560 1091 600 1139 ac
617 1064 748 1139 directo
772 1064 809 1137 in
834 1064 960 1161 Appias
976 1062 1040 1137 viae
1056 1061 1229 1152 fommm‘
1244 1080 1375 1137 constra·

248 1198 305 1256 tus
321 1200 383 1255 ert.
432 1182 557 1257 Positae
573 1206 715 1280 quoque
740 1180 776 1253 ia
802 1179 1011 1255 arrfractibus
1038 1178 1199 1253 stationes
1223 1178 1374 1277 plurima,

246 1298 291 1370 ad
308 1294 453 1396 hospitia
467 1314 503 1369 et
517 1322 617 1394 aquae
633 1294 744 1371 dulcis
756 1296 969 1397 receptacula
985 1296 1141 1398 parata-⁴

301 1540 357 1601 ll.
383 1530 478 1601 Tun
503 1526 680 1626 Princeps,
709 1526 799 1601 vani
824 1526 1060 1618 admiratione,
1088 1524 1260 1626 stultique
1282 1550 1375 1624 opum

161 1686 165 1702 ·
246 1644 471 1727 ostentatione
496 1647 678 1751 superbus,
708 1652 734 1689 “
752 1670 802 1735 sc,
831 1644 1041 1741 triumphato
1066 1669 1221 1742 aequore,
1236 1642 1334 1717 Dario
1348 1658 1377 1713 et

248 1767 272 1803 “
297 1762 417 1835 Xerxe
432 1758 673 1857 superiorem,⁵
697 1762 915 1851 Alexandro,
932 1761 1107 1835 debellatis
1122 1758 1286 1848 hostibus,
1297 1757 1376 1829 haud

230 1882 273 1969 “⁴
297 1872 497 1949 inferiorem
520 1873 624 1949 fore”
637 1877 785 1976 jactitat3
813 1894 1006 1975 cunctaque
1017 1876 1061 1950 ad
1077 1876 1241 1950 bellicum
1255 1895 1376 1972 appara

244 2008 320 2062 tum
335 1990 456 2063 instrui
468 1992 578 2089 jubet.
628 1994 726 2067 Stato
738 1990 808 2082 die,
824 1991 995 2091 sacrisque
1005 1994 1188 2089 Neptuno,
1205 1989 1376 2085 ceterisque

243 2106 342 2194 Deis,
358 2130 398 2178 ac
416 2106 567 2179 maxime
589 2102 735 2197 Livori,⁶
757 2132 803 2182 ne
826 2107 958 2207 grande
980 2132 1103 2183 ausum
1119 2105 1245 2181 irauidii
1261 2128 1376 2204 preme

241 2236 348 2309 retur,
377 2222 536 2321 peractis,
552 2224 730 2320 thoracem
746 2224 963 2299 Alexandm⁷
987 2224 1143 2313 indutus,
1167 2216 1374 2320 superinjecti

240 2336 418 2435 purpurei
458 2338 642 2439 chlamyde
673 2340 796 2433 serici,
821 2323 914 2415 xauro
941 2340 1159 2442 gemmisque
1196 2331 1375 2421 intertexti,

242 2454 402 2555 quercici
419 2452 572 2531 εοτοιιΐι8
597 2483 758 2560 equoque
773 2456 950 2558 phalerato
967 2454 1121 2560 insignis,
1138 2452 1262 2544 securi,
1274 2447 1376 2528 cetri⁹

282 2653 292 2681 ¹
315 2655 459 2716 Oneraria
491 2675 598 2736 quaque
627 2668 788 2720 contracta.
843 2659 919 2718 Plin.
943 2657 1012 2718 ibid.
1039 2658 1116 2716 Vide
1139 2667 1169 2716 et
1201 2655 1374 2716 Herodotum,

241 2736 311 2807 Dio,
333 2755 401 2804 aix,
423 2758 454 2816 p.
476 2733 548 2798 652.
588 2739 706 2798 Sueton.
730 2741 787 2799 loc.
845 2745 957 2798 r11.3l
977 2751 1005 2796 ct
1026 2734 1075 2796 36.
1090 2739 1119 2796 in
1138 2737 1269 2816 Polymn.
1291 2733 1374 2791 hlults

240 2819 291 2874 cit.
842 2821 979 2896 majorem
994 2820 1079 2877 maris
1092 2831 1203 2901 partem
1224 2813 1375 2874 contabula-

280 2893 295 2921 ⁸
315 2896 519 2954 Alirnentorum
533 2908 666 2976 egestate.
686 2901 786 2962 senec.
842 2901 992 2958 uitCaius.

239 2976 275 3032 de
298 2976 440 3034 Brevitate
466 2978 552 3046 l'itae,
571 2998 668 3039 xv111.
709 2981 786 3038 Dum
881 2973 961 3044 6Ασ
982 2977 1097 3038 maximi
1120 2977 1231 3040 Lirari.
1272 2973 1374 3053 Egtcgll

237 3057 287 3114 ille
301 3057 390 3115 Caius
401 3065 498 3132 parites
513 3060 745 3140 nauiburjungt't,
759 3069 786 3118 rt
842 3059 963 3130 Plinius,
974 3079 1012 3120 u.
1022 3067 1051 3128 7.
1073 3057 1199 3137 Fragilia
1211 3066 1239 3116 ct
1251 3057 1374 3114 laboriosa

237 3138 343 3196 ritibus
361 3137 470 3214 imperii
491 3140 576 3211 ludit,
600 3145 699 3200 aderat
721 3142 787 3198 ulti·
841 3143 998 3200 mortalitas
1021 3141 1050 3198 in
1069 3151 1169 3218 partes
1190 3140 1245 3196 ista
1269 3136 1374 3194 alumine

236 3237 309 3275 mum
322 3219 457 3278 malorum
477 3221 592 3278 obsessis
605 3241 720 3299 quoquc,
735 3223 786 3279 ali-
841 3223 967 3300 digessit,
981 3219 1156 3298 irfirmitatis
1168 3237 1336 3280 tuaearanor,
1350 3222 1375 3272 ut

237 3308 391 3357 mentorum
405 3308 523 3376 egestas.
835 3303 1012 3378 portionibus
1045 3302 1149 3360 coleret
1182 3299 1301 3381 putisque,
1332 3292 1374 3374 qul

276 3373 410 3455 ³Appiae
447 3380 499 3452 aia
531 3379 668 3459 sormam.
729 3383 787 3443 Via
839 3382 952 3441 marim&
969 3381 1117 3459 indigeret.
1160 3378 1262 3456 Itaque
1279 3375 1374 3436 nonina

236 3460 345 3535 Appia,
362 3462 557 3518 Romanarum
577 3463 704 3523 omnium
727 3466 786 3522 via·
838 3463 896 3520 alia
917 3463 982 3522 aliis
1009 3461 1149 3540 gentibus.
1172 3467 1200 3516 ct
1221 3459 1329 3524 numina
1351 3455 1374 3520 ir

236 3541 787 3614 rumniaximactlaudatissiraa,Roma
838 3542 933 3600 iisdem
967 3540 1179 3608 innumerabilia
1214 3539 1396 3618 reperimurrl

235 3619 421 3676 Brundisium
444 3640 533 3696 usquc
553 3625 785 3699 protendebatur.
839 3622 938 3702 inseris
952 3643 1055 3704 quoque
1069 3623 1096 3679 ia
1107 3639 1213 3699 genera
1231 3615 1374 3694 descriptis,
1395 3639 1396 3714 p

237 3699 282 3755 De
293 3700 392 3776 cdjam
407 3700 515 3758 dictum
530 3721 617 3780 supra
630 3706 736 3776 Annal,
747 3725 784 3766 11.
839 3703 1001 3780 morbisque,
1016 3712 1044 3761 et
1057 3703 1151 3760 miultis
1162 3701 1245 3759 etiam
1253 3699 1373 3776 pestibus,
1395 3741 1396 3752 .

235 3785 285 3837 38.
838 3783 901 3840 dum
916 3805 972 3842 csse
985 3773 1115 3862 placatae
1129 3781 1238 3858 trepida
1249 3789 1320 3837 ructu
1332 3797 1372 3836 cu·

272 3857 288 3891 ⁴
307 3860 433 3922 Parata.
473 3864 542 3936 Dio,
554 3885 623 3924 arx.
637 3888 667 3944 p.
678 3863 748 3926 653.
835 3865 936 3941 pumtu-

272 3937 400 3998 'Dario
426 3950 455 4002 ct
477 3945 571 4004 Xerxe
602 3949 781 4023 superiorem.
877 3939 1066 4003 ’Thoracem
1097 3939 1263 4002 Alexandri.
1314 3935 1371 4002 Di0·

233 4020 354 4094 Plinius,
369 4039 412 4081 tv.
429 4030 475 4083 12.
487 4039 555 4084 sect.
570 4033 619 4084 24.
638 4027 781 4088 Thracius
840 4041 908 4084 arx.
923 4045 954 4102 p.
978 4023 1046 4086 653·
1099 4021 1251 4084 suetonius
1270 4012 1373 4095 (limile

231 4103 401 4179 Bosphorus,
412 4105 562 4167 latitudine
583 4126 614 4165 n.
627 4127 756 4183 pascuum
766 4129 777 4176 ‚·
837 4104 866 4164 in
887 4105 969 4171 Caio,
985 4123 1042 4166 ur.
1084 4103 1228 4168 Interdum
1248 4108 1277 4160 et
1289 4095 1372 4176 nagal

231 4185 286 4268 qud
308 4181 427 4256 Darius,
449 4197 532 4261 pater
553 4187 667 4255 Xerxis,
686 4189 780 4264 copias
834 4183 993 4247 Alexandri
1013 4187 1151 4250 thoracem
1171 4181 1288 4260 gestarit
1305 4193 1372 4254 repe·

225 4271 313 4340 ponte
333 4267 496 4326 transverit.
538 4269 594 4327 Per
610 4270 780 4346 llcllespon·
837 4267 918 4326 titum
933 4267 947 4324 ἒ
961 4267 1116 4332 conditorio
1130 4272 1199 4346 qus.

230 4356 302 4414 tum,
337 4357 444 4420 septem
486 4349 642 4406 stadiorum
684 4350 777 4426 spatio
875 4341 1049 4416 ⁸Quercicd
1069 4345 1180 4408 carond.
1229 4336 1370 4400 Suel⁰ssi¹¹¹

217 4425 347 4494 ·Xcraer,
363 4425 511 4486 Persarum
523 4449 580 4502 rer,
594 4439 737 4498 constrato
747 4430 776 4490 in
834 4429 862 4494 in
877 4429 960 4498 Caio,
975 4446 1046 4486 xix.

229 4503 344 4565 nauibus
374 4513 470 4581 ponte,
503 4510 582 4570 duait
616 4511 776 4571 exercitum.
873 4507 1004 4568 ⁹Cctrd.
1045 4505 1292 4580 lat-elonunque
1311 4515 1369 4558 scu·

766 4596 769 4624 l
