2859 4950
237 306 300 366 204
603 299 640 361 C.
660 298 862 360 CORNELII
882 297 1024 362 taem

113 455 118 465 ’
241 475 278 534 et
305 477 474 531 numerus
502 473 617 554 neque
645 453 782 530 dierum
807 477 923 555 neque
951 474 1177 554 patronorum
1207 420 1378 534 liniebitur.

241 575 380 653 Primus
408 571 606 672 hujusmodi
634 570 754 670 spatia,
778 571 880 645 tertio
897 572 1106 662 consulatu,¹
1131 576 1200 647 Cn.
1216 574 1379 674 Pompeius

240 691 437 780 adstrinxit,
453 688 687 788 imposuitque
703 687 811 762 veluti
826 685 955 762 fraenos
971 687 1190 788 eloquentiae,
1211 685 1257 762 ita
1271 709 1381 781 omen,

242 825 283 882 ut
298 807 415 882 omnnia
430 807 466 880 in
479 804 702 896 foro‚'omnia
718 805 865 906 legibus,
882 803 998 879 omnin
1013 805 1106 902 apud
1122 823 1289 904 praetoree
1303 833 1381 907 gere·

242 941 387 1001 rentur:
422 924 515 1024 apud
543 947 631 1021 quos
660 941 790 1021 quanto
816 925 948 1022 majora
972 921 1111 1022 negotia
1137 923 1225 996 olim
1246 923 1382 998 exerceri

242 1042 343 1117 solita
358 1041 438 1133 sint,
464 1039 560 1140 quod
577 1039 687 1138 majus
700 1055 945 1140 argumentum
961 1053 1025 1128 est,
1051 1037 1159 1139 quiun
1175 1037 1275 1136 quod
1291 1063 1383 1113 causa

244 1156 537 1246 centumvitales,⁸
568 1181 649 1254 quae
675 1179 770 1228 nunc
796 1153 948 1254 primum
976 1154 1133 1229 obtinent
1157 1155 1289 1246 locum,
1311 1155 1383 1229 adei

244 1274 432 1374 splendore
448 1273 595 1347 aliorum
609 1270 820 1372 judiciorum
846 1274 1095 1362 obruebantur,
1119 1288 1158 1344 ut
1173 1295 1288 1370 neque
1304 1271 1385 1346 Cite-

245 1391 354 1479 mnis,
383 1413 498 1488 neque
526 1387 687 1478 caesaris,
715 1412 831 1486 neque
860 1387 974 1478 Bruti,
1003 1411 1118 1484 neque
1147 1387 1267 1480 coelii,
1290 1412 1386 1486 neque

247 1507 362 1597 Calvi,
379 1531 451 1580 non
467 1505 616 1604 denique
634 1504 739 1579 ullius
754 1505 871 1605 magni
888 1503 1034 1579 oratoris
1044 1505 1130 1579 liber
1142 1507 1236 1603 apud
1253 1521 1388 1580 centum-

245 1621 339 1697 viros
365 1621 477 1696 dictus
502 1621 650 1720 legatur,
675 1621 829 1719 exceptis
850 1621 1061 1696 orationibus
1082 1620 1208 1711 Asinii,
1234 1645 1312 1720 quae
1329 1641 1388 1717 pro

249 1741 434 1816 heredibus
463 1737 641 1814 Urbinioe³
667 1738 915 1830 inscribuntur,
939 1741 983 1812 ab
1008 1737 1083 1837 ipso
1112 1755 1230 1812 tamen
1251 1736 1389 1812 Pollione

250 1855 373 1934 mediis
401 1854 471 1929 diri
498 1855 651 1954 Augusti
679 1855 894 1952 temporibus
919 1855 1059 1946 habitae,
1087 1852 1275 1954 postquem
1303 1855 1390 1948 longa

250 1991 451 2070 temporum
480 1971 590 2072 quies,
620 1988 655 2045 et
680 1971 885 2044 continuum
913 1971 1033 2078 populi
1061 1972 1185 2062 otium,
1211 1988 1248 2044 et
1275 1970 1390 2044 assidua

249 2087 394 2164 senatus
418 2086 657 2189 tranquillitas,
681 2103 716 2160 et
737 2086 879 2160 maximi
897 2087 1063 2186 Principis
1084 2086 1277 2185 disciplina,
1299 2087 1390 2186 ipsam

248 2229 393 2306 quoque
409 2203 654 2306 eloquentiam,
679 2202 767 2280 sicut
783 2203 899 2280 omnia
914 2205 991 2296 alia,
1015 2203 1221 2304 pacaverat?

301 2461 362 2529 89.
379 2453 555 2531 Parvum
574 2471 610 2529 et
624 2452 810 2531 ridiculum
825 2449 969 2528 fortasse
984 2450 1170 2545 videbitur,
1185 2456 1284 2554 quod
1300 2455 1391 2531 dictu·

251 2594 313 2646 ros
338 2596 431 2663 sum,
455 2570 574 2645 dicam
593 2590 723 2661 tamen,
747 2571 803 2643 vel
828 2568 921 2659 ideo,
945 2586 985 2644 ut
1010 2569 1196 2647 fideman·
1227 2574 1390 2669 Quantum

251 2686 451 2763 humilitatis
467 2706 628 2786 putamus
638 2684 844 2785 eloquentiae
856 2682 1006 2761 attulisse
1015 2686 1159 2784 penulas
1166 2686 1392 2789 istas,⁴quibus

250 2802 402 2877 adstricti
412 2818 445 2877 et
459 2803 553 2875 velut
568 2800 691 2875 inclusi
707 2826 790 2874 cum
802 2800 975 2901 judicibus
991 2798 1214 2881 fabulamur?
1240 2821 1392 2907 quantun

249 2916 377 2993 uirium
405 2918 592 2995 detraxisse
609 2918 755 2993 orationi
770 2918 938 2997 auditoria
952 2935 988 2993 et
1009 2918 1196 2993 tabularia⁵
1220 2920 1394 3007 aeduum,

294 3232 305 3260 ¹
336 3234 435 3294 Tertio
468 3234 623 3294 cernentum.
671 3236 801 3293 Tertium
856 3224 1000 3295 oratorum
1032 3234 1144 3314 penulis
1173 3236 1316 3295 rintorum
1347 3252 1391 3291 nou

254 3314 436 3376 consulatum
452 3315 515 3372 iniit
529 3317 635 3375 Cneius
649 3317 803 3392 Pompeius
858 3316 1000 3374 absimiles
1015 3316 1100 3374 luisse
1113 3316 1256 3377 ridentur.
1299 3319 1342 3376 De
1357 3315 1391 3371 his

253 3397 376 3455 ΑΜΕ.
391 3404 459 3463 70‘2.
473 3398 550 3457 M).
563 3402 609 3453 51.
631 3396 726 3476 primii
744 3400 804 3455 sine
857 3398 970 3466 Cicero,
983 3417 1036 3475 pro
1048 3396 1170 3468 Milone,
1182 3418 1249 3477 cap.
1261 3404 1309 3457 20.
1330 3392 1392 3463 Quid

254 3474 380 3553 collegit:
399 3478 499 3534 deinde
512 3478 650 3553 collegam
664 3472 805 3537 adsumsit
859 3478 948 3536 arinis
959 3484 1098 3555 promtum
1111 3482 1235 3558 pngnoe?
1255 3481 1315 3539 cim
1322 3496 1393 3555 perr·

254 3558 294 3629 Q.
308 3556 459 3615 Metellum
475 3558 648 3636 Scipionem.
859 3557 888 3615 ld
902 3559 1042 3629 irretitus,
1062 3558 1149 3616 mette
1165 3558 1323 3637 impeditus,
1341 3575 1392 3614 uro

293 3630 309 3665 ²
337 3636 434 3697 Causa
465 3640 686 3697 centrum-irnlm.
728 3638 805 3708 Quae
860 3658 891 3696 re
914 3637 990 3715 perri
1017 3640 1186 3698 constrictas
1213 3650 1293 3699 earet.
1338 3638 1393 3696 Nou

254 3738 351 3777 eoram
362 3720 549 3777 centumviris
562 3723 729 3797 agebantur.
759 3722 803 3777 De
859 3718 1046 3796 inelegantem
1059 3719 1095 3775 de
1110 3721 1215 3797 penult
1238 3722 1391 3779 dissertatio

252 3800 298 3859 liis
310 3800 422 3858 <fictum
433 3818 522 3877 supra
535 3818 599 3877 cap.
615 3808 643 3867 7.
861 3818 924 3858 uem
944 3800 1058 3877 scripsit
1070 3798 1193 3861 loannes
1207 3804 1334 3881 Baptista
1345 3800 1394 3856 llo·

294 3876 380 3939 ³Pro
393 3878 537 3939 heredibus
553 3882 689 3941 Urbinioe.
711 3881 806 3951 Quin·
860 3882 935 3939 nius.

256 3962 382 4031 tilianae,
396 3961 529 4019 institut.
545 3960 627 4021 Orat.
643 3982 687 4021 rr.
704 3972 731 4021 1.
763 3965 805 4019 A·
901 3958 1093 4020 ⁵deditoris
1115 3971 1143 4022 et
1170 3962 1319 4021 indoloria.
1355 3958 1390 4015 ue

199 4082 201 4089 ι
254 4042 342 4101 tiniae
353 4062 406 4119 pro
423 4041 550 4101 Urbinia
563 4042 707 4112 heredibus
721 4040 805 4101 Lubi-
861 4042 1011 4101 auditoriis
1020 4045 1082 4120 jam
1095 4056 1193 4102 netum
1209 4063 1295 4123 supra
1307 4042 1390 4119 cap-b

256 4142 344 4191 enum,
365 4124 523 4181 aduersarii
543 4132 702 4199 patronum,
729 4124 806 4180 inter
860 4137 889 4181 et
902 4130 952 4183 ³4.
979 4122 1140 4183 Tabularia
1153 4124 1230 4196 verb,
1243 4125 1390 4184 lucaei-an,

254 4203 511 4281 argumentamini
524 4204 725 4281 contraposuit.
761 4204 805 4260 lle
862 4205 912 4262 ubi
928 4205 1033 4262 tabulae
1053 4205 1296 4282 aemquepublicn
1313 4202 1389 4261 adser-

255 4286 317 4342 totb
337 4282 387 4341 lite
407 4284 475 4341 ridu
494 4286 628 4343 eumdem
649 4283 806 4352 Quintilia-
862 4286 1012 4356 rabuntur,
1033 4286 1140 4361 quibus
1162 4286 1246 4363 leges,
1266 4285 1349 4343 formu
1366 4296 1389 4334 a·

255 4384 335 4433 num,
356 4364 426 4421 ibid.
443 4370 544 4423 v11.2.
861 4382 987 4441 giorum,
1007 4367 1122 4443 aliaque
1135 4367 1164 4425 id
1174 4386 1261 4447 genus
1283 4362 1389 4423 contine·

292 4441 310 4477 ⁴
335 4444 456 4504 Penules
480 4444 561 4504 istae.
602 4442 718 4503 Penttlae
743 4446 804 4508 istae
864 4447 978 4521 buntur,
1011 4466 1135 4526 qunque
1160 4449 1191 4507 in
1214 4439 1391 4508 controversiis
