2859 4950
160 299 169 319 ⁸
265 324 332 401 toz
682 322 1019 385 surruuuumun
1206 326 1379 389 turon.

264 464 435 591 quoodim
455 505 529 558 non
553 478 632 555 satis
661 476 791 569 favere,
826 479 910 553 alios
933 478 1087 555 invidere
1119 500 1279 559 causeum
1321 483 1380 557 Inde

263 621 425 705 equester
447 600 536 674 ordo
564 599 745 671 damnatus
769 598 853 687 voti,
889 623 960 695 quo
989 598 1142 673 obstricti
1164 600 1340 698 Augustani
1357 626 1380 673 se

262 718 414 817 Principi
449 732 595 790 statium
625 713 724 807 mille
757 714 896 809 pondo¹
935 714 1106 809 posituros
1136 716 1380 812 sposponderunt.

264 836 374 936 Quod
389 832 475 907 vero
491 829 653 918 atrociuS,
677 826 811 926 Pythici
828 850 1036 927 cognomen,
1062 830 1083 903 i
1100 831 1281 929 majoribus
1295 856 1380 927 accep

261 972 354 1042 tum,
382 946 535 1045 Sulpicio
569 944 756 1022 Camerino
788 944 825 1017 in
853 945 1040 1042 perniciem
1069 945 1182 1036 cessit,
1212 948 1313 1045 quasi,
1335 948 1381 1017 hoc

261 1084 410 1157 retento,
445 1066 483 1151 ip
508 1062 667 1160 Pythicas
694 1061 845 1133 Neronis
872 1062 1029 1135 victorias
1057 1060 1147 1137 foret
1173 1063 1313 1161 impius:
1344 1061 1382 1134 ut

263 1184 407 1261 crimine
421 1179 546 1253 inretiti
555 1194 659 1274 ,pater
674 1175 834 1274 filiusque
851 1176 1031 1253 cecidere.²

311 1426 372 1491 56.
400 1409 714 1489 Gnnvtonadhuc
732 1376 902 1481 malorum
915 1408 1025 1482 moles
1038 1408 1208 1500 incubuit,
1221 1406 1383 1485 cumdum

148 1567 157 1579 ·
261 1531 398 1607 incessit
413 1531 584 1605 Isthmum
601 1524 884 1599 Corinthiacum³
910 1525 1091 1625 navigabili
1107 1528 1206 1600 alveo
1224 1526 1381 1625 perfodere.

262 1626 372 1747 Quod
397 1646 539 1746 quidem
560 1665 632 1714 non
660 1640 800 1737 publici
821 1641 986 1715 utilitate⁴
1011 1660 1225 1740 susceptum,
1255 1644 1311 1717 sed
1329 1641 1381 1739 quit

259 1781 420 1839 mmmm
447 1760 598 1847 vincere,
628 1773 663 1829 et
687 1758 709 1829 i
737 1756 918 1859 Demetrio
946 1782 1042 1857 rege,
1068 1758 1234 1840 dictatore
1264 1762 1381 1842 cesare,

261 1878 417 1977 Gaioque
441 1873 600 1969 Principe
628 1872 800 1946 irtcmsum
826 1876 973 1945 tentata5
1007 1874 1163 1971 exsequi,
1196 1874 1381 1971 splendidum

261 1994 457 2067 haberetur.
507 1987 621 2062 Tanti
650 1989 752 2061 laude
781 1990 853 2086 jam
880 1987 994 2061 animo
1023 1990 1279 2088 praeoccupati,
1302 1992 1382 2073 Nero,

261 2110 336 2183 dux
352 2105 478 2207 operis,
494 2106 610 2206 ligone
625 2128 732 2177 aureo
748 2100 876 2177 fossam
891 2088 1118 2204 edgreditur,⁶
1135 2113 1212 2180 “ut
1228 2108 1289 2181 sibi
1304 2130 1383 2203 popu·

304 2430 315 2461 ¹
337 2430 422 2493 Mille
432 2432 534 2513 ponda.
577 2431 645 2508 Dio,
669 2451 767 2494 thtt.
782 2459 810 2516 p.
863 2440 957 2504 idest,
975 2436 1052 2495 Nero
1067 2431 1162 2494 Cesar
1175 2428 1292 2510 Jupiter
1310 2431 1383 2489 tidem·

262 2519 332 2584 723.
373 2515 404 2574 si
429 2534 517 2572 aurea
540 2515 596 2573 suit
617 2517 679 2575 haec
704 2531 810 2590 statua,
862 2531 916 2578 tor.
962 2518 1096 2586 isthmus,
1117 2513 1383 2578 templurensi.

259 2599 321 2662 sine
341 2597 513 2672 manipretio
538 2599 670 2655 constitit
687 2599 810 2676 Anglicd
861 2613 940 2678 patet
952 2599 1079 2674 quinquo
1094 2596 1187 2654 miliia
1201 2613 1340 2672 passuum.

247 2677 376 2754 „circiter
388 2677 522 2744 tomoot.
544 2677 576 2734 Si
590 2677 655 2734 verd
668 2694 809 2754 argentea,
898 2677 912 2710 ⁴
946 2677 1067 2738 Publicd
1100 2678 1241 2734 utilitate.
1289 2671 1383 2732 Putd‘u·t

259 2757 382 2833 Angiice
397 2757 512 2815 circiter
526 2759 627 2822 2750t.
642 2760 721 2833 quod
736 2761 810 2817 intra
859 2761 975 2836 quidem
999 2759 1054 2816 hoc
1071 2759 1100 2814 in
1112 2777 1197 2834 opere
1217 2755 1311 2813 suisset
1328 2750 1383 2808 urii·

260 2836 348 2911 liujus
360 2838 451 2894 aetatis
463 2836 568 2895 luxum
581 2851 610 2894 et
625 2839 748 2898 Neronis
764 2861 810 2898 re·
860 2854 911 2909 tus,
933 2841 970 2896 ob
985 2839 1100 2915 longum
1114 2851 1141 2895 et
1155 2837 1309 2912 ancipitem
1329 2849 1385 2888 nau·

260 2917 391 2975 uitatem.
861 2939 908 2978 um
943 2920 1096 2988 ambitum,
1138 2939 1212 2994 ques
1247 2917 1384 2988 magnitud.-

300 2993 315 3021 ²
335 2997 475 3060 Coeidere.
509 2997 579 3065 Dio,
591 2998 662 3056 ibid.
684 2999 729 3056 De
743 3001 808 3058 Sul·
860 2999 992 3076 plaustris
1014 2999 1154 3058 transvehi
1175 2996 1346 3074 prohibebat,
1365 3005 1384 3044 u!

249 3076 338 3155 =picio
350 3078 503 3137 Camerino
513 3097 602 3158 supra
611 3080 717 3138 Annsl.
733 3099 809 3138 xur.
858 3082 899 3137 ait
915 3081 1034 3148 Plinius,
1056 3081 1113 3138 loc.
1128 3080 1178 3138 cit.
1223 3083 1264 3135 At
1276 3095 1334 3133 eam
1346 3089 1383 3126 nou

262 3164 311 3217 52.
857 3165 1006 3237 spectabat
1021 3162 1108 3228 Nero,
1123 3159 1279 3238 portentosi
1295 3155 1382 3213 tantun

195 3265 200 3274 ·
299 3233 471 3297 ³Istinium
487 3239 705 3301 Corinthiacum.
747 3243 808 3300 Ad·
860 3243 954 3319 operis
967 3241 1105 3308 curiosus.

259 3329 376 3380 rentum
396 3321 517 3379 Neronis
534 3323 717 3388 Corinthum.
740 3341 805 3381 con·
901 3319 910 3353 ⁵
937 3323 1068 3392 Teutate.
1084 3353 1094 3368 x
1112 3319 1205 3377 Immo
1230 3331 1258 3376 et
1275 3315 1382 3396 infausto.

258 3402 414 3476 titiumque
433 3401 610 3478 perfodiendi
626 3403 736 3471 isthmi,
760 3404 806 3463 tie
860 3411 892 3460 ut
918 3403 1034 3460 oninium
1058 3401 1154 3477 patuit
1175 3401 1263 3470 exitu,
1290 3401 1383 3470 inceptet

260 3481 426 3558 isthmutof
432 3481 561 3553 Corinth,
573 3493 713 3542 testantur
724 3503 807 3542 num·
862 3482 1006 3540 Plinloc.
1021 3483 1072 3541 cit.
1104 3481 1228 3558 ¹Nempe
1244 3475 1382 3536 victusDe

260 3562 300 3618 mi
316 3560 516 3638 plurimi,tum
532 3563 637 3634 Latini,
651 3576 713 3622 turn
727 3566 809 3624 Grae·
861 3564 987 3634 mettius,
1000 3563 1030 3620 in
1043 3561 1174 3620 custoditi
1188 3561 1281 3638 periit.
1308 3555 1381 3617 Julius

260 3643 298 3710 ci,
329 3641 474 3717 inscripti:
506 3647 612 3702 ADV.
634 3645 741 3704 AVG.
763 3646 806 3703 vel
861 3643 965 3710 Caesar,
988 3644 1075 3702 Caius
1090 3641 1234 3718 Caligula,
1249 3641 1330 3709 Nero,
1342 3637 1381 3690 tir

260 3725 286 3779 A
296 3719 490 3779 DVENTV
499 3725 518 3782 S
536 3726 641 3784 AVG.
663 3725 764 3784 COR.
779 3738 807 3784 ct
860 3721 937 3780 lentd
951 3737 1041 3782 morte
1052 3724 1225 3781 occubuere.

260 3809 485 3860 ΠΟΣΕΙΔΩΝ
520 3814 714 3874 memmi,
756 3819 808 3865 aut
898 3797 1046 3864 ⁶Forsttm
1069 3803 1247 3880 adgreditur.
1287 3802 1378 3858 Suetou.

259 3891 359 3940 zm
383 3891 578 3941 ΙΣΘΜΙΟΣ.
623 3887 735 3962 Nempe
751 3889 807 3944 Co·
860 3883 888 3940 in
904 3885 973 3944 Ner.
989 3903 1061 3943 xlx.
1097 3875 1377 3942 dnidcduiddrtdmm

258 3963 355 4021 rinthii
366 3965 508 4022 Neronem
516 3965 684 4041 Neptunum
693 3969 807 4024 Jovem-
855 3965 1005 4040 perfodere
1037 3983 1197 4042 aggressus,
1221 3961 1377 4040 protorum

258 4064 316 4120 que
343 4044 495 4103 isthmium
516 4047 710 4121 appellabunt,
731 4047 807 4104 sicut
856 4064 911 4120 pro
934 4047 1062 4106 corcione
1078 4047 1116 4104 ad
1134 4043 1309 4102 inchoandum
1329 4055 1376 4112 ortt

258 4126 289 4182 iu
310 4125 435 4182 nummis
457 4125 670 4202 Magnesiorum
696 4127 805 4204 Lydiae,
861 4125 1022 4186 cohortatus
1043 4117 1374 4201 est:·ruttquesigntr·

213 4231 218 4244 ·
258 4225 330 4282 quos
352 4203 510 4281 publicavit
530 4206 576 4266 Cl.
601 4207 732 4278 Pelleriu,
753 4206 809 4264 Re·
862 4214 901 4276 to,
918 4208 1025 4283 primus
1040 4206 1155 4264 rastello
1168 4206 1272 4263 turnum
1293 4195 1373 4274 effodit,

258 4286 331 4342 cueil
343 4287 377 4345 de
389 4285 540 4344 Me‘daittes
552 4287 586 4344 de
596 4288 715 4364 Peuptee
735 4296 761 4345 et
775 4287 808 4344 de
861 4294 888 4343 et
903 4289 1021 4346 cordutoe
1034 4295 1192 4364 eongestugn
1200 4282 1309 4344 duruerit
1319 4285 1374 4334 cett·

261 4364 290 4422 V
288 4365 360 4437 illes,
371 4364 426 4422 vol.
438 4383 489 4422 111.
500 4386 529 4444 p.
539 4372 608 4425 235.
621 4369 728 4426 dieitur
742 4376 806 4424 ut.
862 4367 906 4424 lit.
948 4366 1047 4426 Mults
1069 4385 1183 4443 quoquo
1195 4365 1248 4424 heic
1262 4365 1292 4420 de
1305 4379 1328 4416 re
1338 4357 1372 4446 dt·

257 4454 342 4505 ttnl.
389 4455 489 4509 zittc
536 4455 810 4522 unetosrtoc‚
864 4448 1263 4524 bentDio‚ux111.p.7‘22.
1300 4435 1371 4498 rute
