2859 4950
252 260 312 320 AD
332 258 409 323 ue
429 258 488 320 ΒΕ
507 256 695 321 icombus
715 258 1035 323 GERMANORUM.
1154 262 1216 337 ω,

72 432 128 503 sec
154 431 322 499 squocms
345 411 389 478 T.
417 410 529 493 Fsbsr,
546 409 675 500 somus
699 434 857 501 equorum.
914 411 961 479 Ni
989 412 1071 479 forte
1087 412 1218 501 femus

72 520 208 588 Deosrstu
232 525 271 591 de
293 524 367 593 Diis
388 525 510 591 mrinis
534 525 679 613 ancipite.
723 524 777 591 Sic
800 524 898 593 terne
921 525 1092 611 surmate,
1113 530 1215 613 Satyr.

73 654 149 702 xrs.
169 644 246 703 281.
1045 675 1048 682 1

227 872 250 903 ‘⁸
264 865 384 927 Grande
396 886 492 947 oper-e
505 867 631 946 pretio·
642 874 686 927 ut
702 892 813 917 ······

264 995 376 1057 Oeeeni
387 1004 523 1069 nronstrn,
541 996 700 1076 etjnrenes
710 993 814 1057 vidisse
825 990 976 1056 mutuo?

68 1210 187 1280 Oceani
205 1227 343 1284 monere
363 1216 501 1302 explicet
521 1226 608 1283 retus
628 1212 814 1282 Scbobnstes
833 1212 1002 1295 serenatis,
1026 1212 1168 1295 Tritones
1181 1230 1212 1285 et

67 1319 222 1393 Nereides.

107 1436 281 1505 AEstiontm
291 1450 407 1529 gentes.
449 1439 500 1506 Ite
513 1462 619 1504 omnes
634 1438 736 1504 MSS.
750 1438 851 1503 Vetic.
884 1436 923 1503 In
937 1438 1087 1504 veteribus
1100 1438 1210 1507 editio·

64 1542 166 1629 nibus,
189 1549 369 1617 Estuomm.
412 1548 451 1615 In
465 1549 695 1629 recentioribus,
719 1548 907 1637 AEstyorrtm.

108 1656 263 1751 Omnique
277 1661 384 1728 tuteli.
429 1662 518 1727 Bene
541 1661 689 1725 Ernestus
710 1673 743 1725 et
764 1660 946 1725 recentiores
968 1660 1078 1727 tMs.
1098 1662 1208 1731 Turio.

63 1768 115 1836 Sic
129 1794 255 1861 quoque
268 1772 391 1840 volebat
404 1772 538 1860 Lipsius.
581 1770 625 1838 In'
632 1770 786 1836 veteribus
799 1770 994 1854 editioribus,
1014 1761 1210 1864 omniurn‘que

60 1882 166 1949 tuett.

107 1993 249 2085 Ittsonne
256 1994 426 2086 perfertur.
471 1994 549 2061 MS.
562 1993 663 2061 Vetic.
678 1994 774 2069 2964.
783 1993 964 2085 profertum
984 2009 1019 2062 ut
1040 2008 1074 2063 et
1086 1999 1209 2069 volebat
1239 2062 1243 2071 .

62 2102 253 2176 Groslotius.
295 2108 342 2175 At
354 2107 464 2174 meliis
477 2108 571 2173 ceteri
585 2106 688 2173 MSS.
703 2106 804 2171 Vstic.
813 2105 980 2196 perfertur.

104 2218 276 2308 Implicoto
289 2220 424 2286 bomon.
460 2217 509 2284 lte
524 2240 630 2283 ornnes
645 2217 747 2284 MSS.
761 2215 863 2282 Vetic.
876 2229 908 2283 et
919 2218 1066 2286 editiones
1081 2234 1209 2291 veteres.

61 2324 231 2417 Perpetem
245 2332 276 2398 in
291 2332 508 2398 recentioribus
521 2332 727 2410 emendatum,
749 2328 913 2416 implicita.
958 2328 1077 2397 Plinius
1094 2332 1207 2423 aliique

62 2460 142 2528 saepe
156 2438 352 2532 ustirpsrere,
372 2442 576 2537 implicatum.

103 2554 317 2644 Sueos'rcfiois.
362 2554 450 2620 Bene
466 2552 656 2621 Puteolanus
669 2565 702 2618 et
714 2551 908 2619 recentiores.
949 2551 990 2620 In
1006 2551 1086 2623 MS.
1098 2557 1207 2630 Turis.

59 2664 140 2734 Cod.
155 2669 265 2756 Knpp.
279 2681 312 2734 et
323 2665 458 2734 editione
472 2665 619 2754 Spirensi,
628 2665 723 2752 fines.

100 2885 194 2956 Cer.
209 2891 263 2956 46.
289 2885 488 2955 Venetorum.
532 2883 623 2952 Mate
638 2883 742 2951 MSS.
755 2897 787 2950 et
801 2896 917 2952 veteres
928 2884 1087 2970 editiones,
1113 2881 1208 2959 Vere·

57 3007 228 3068 sommant
246 2997 458 3066 Venetorum.
494 2993 626 3062 Venedos
639 3009 792 3062 memoret
805 2995 936 3076 Plinius,
960 3018 1007 3064 rv.
1026 3009 1076 3066 18.
1099 2999 1208 3070 Ptole·

57 3129 147 3191 rnaeo,
171 3133 235 3180 111.
260 3120 292 3180 5.
326 3106 454 3176 Oo’rse'bar
476 3107 550 3174 dicti
571 3119 652 3174 sunt.
701 3107 875 3176 Jornandes
895 3130 1029 3196 quoque,
1050 3112 1090 3176 de
1112 3115 1207 3182 rebus

57 3217 190 3307 Getieis,
214 3245 282 3309 cnp.
302 3230 352 3293 17.
395 3226 418 3258 “
432 3218 624 3285 Winidurum
637 3217 720 3284 natio
735 3217 917 3304 populose.''

99 3329 273 3402 Procerum
287 3331 445 3400 comediis
456 3330 571 3396 mixtis.
615 3329 776 3411 Ernestns,
789 3329 921 3398 cereum
934 3329 1091 3424 comediis
1104 3333 1207 3403 misti.

57 3439 110 3508 Sic
124 3443 155 3510 in
171 3443 300 3513 Gallice
313 3444 450 3510 versione
466 3442 606 3509 Dureau.

100 3554 366 3646 Domosjingunt.
410 3553 460 3622 Ite
472 3567 587 3621 veteres
608 3566 641 3620 et
661 3554 844 3620 reeerrtioren
866 3552 1024 3621 editiones.
1069 3556 1205 3646 Lipsius,

45 3661 166 3751 figunt.
210 3671 257 3735 At
283 3667 404 3748 melids,
424 3667 566 3755 fingunt.
611 3665 735 3732 Demos
765 3664 858 3746 enim,
893 3687 947 3730 seu
975 3669 1105 3752 tuguria,
1136 3668 1205 3738 luto
1316 3681 1320 3689 '

54 3771 224 3861 fingebant.
268 3779 321 3846 Sic
335 3779 419 3865 epod
434 3777 583 3860 Plinium,
599 3778 652 3843 ιι.
665 3786 720 3844 22.
742 3779 910 3863 bombyces
922 3776 954 3842 in
968 3777 1103 3864 Assyrii,
1116 3781 1205 3850 nidos

53 3883 268 3982 lutofingeut.

100 3996 227 4070 Pedum
240 4025 307 4069 turs.
351 4002 389 4067 ln
403 3999 506 4067 MSS.
521 4000 622 4067 Vetic.
636 4002 733 4076 2964.
823 4011 854 4068 8.
876 4012 908 4067 et
926 4001 1082 4069 veteribus
1095 4003 1205 4070 editio-

55 4105 157 4192 nibus,
173 4115 326 4203 peds'tum.
370 4111 448 4180 MS.
464 4111 567 4179 Vatic.
586 4116 677 4180 1862.
695 4137 772 4202 pecu
816 4136 856 4178 m.
901 4113 1000 4182 Recte
1022 4113 1149 4202 Lipsius
1172 4129 1205 4183 et

53 4223 249 4310 recentiores,
264 4225 401 4315 pedum:
422 4225 508 4317 quod
529 4247 655 4316 quoque
675 4229 789 4314 probet
802 4224 855 4293 Cl.
870 4223 1029 4312 Emestru,
1049 4224 1122 4296 licet
1139 4227 1206 4296 edi·

54 4325 144 4420 derit,
157 4339 309 4429 pediturn
