2859 4950
502 336 728 397 AG‘ntcoLt.
1135 340 1191 393 lat

64 517 112 585 tes,
123 494 198 587 rari,
211 512 245 568 et
261 494 438 569 vitabundi
454 492 614 581 invicem,
631 489 821 591 longinqua
836 508 939 589 atque
954 492 1030 565 avia
1043 492 1192 591 petiere:

61 613 122 685 finis
145 612 310 711 sequendi
338 636 411 685 nox
427 628 461 683 et
477 611 608 683 satietas
624 606 710 681 fuit:
739 632 827 682 caesa
842 608 993 681 hostium
1009 610 1054 682 ad
1070 609 1193 684 decem

62 728 167 801 millia:
210 746 411 802 nostrorum
438 725 583 801 trecenti
608 722 786 823 sexaginta
818 724 994 798 cecidere:
1029 724 1066 797 in
1095 726 1192 823 queis
1230 805 1235 814 ,

66 844 155 917 Aulus
172 844 325 933 Atticus,
349 840 532 941 praefectus
554 841 731 929 cohortis,¹
752 839 895 939 juvenili
911 841 1035 914 ardore
1050 858 1086 915 et
1100 840 1192 915 fero-

68 957 103 1029 u'i
115 960 190 1057 equi
207 960 362 1033 hostibus
378 960 501 1033 illatus.

99 1204 151 1264 38.
177 1192 236 1265 ΕΤ
254 1216 327 1265 nox
344 1192 485 1291 quidem
510 1192 637 1291 gaudio
663 1190 852 1289 praeddque
877 1190 956 1263 laeta
980 1190 1187 1268 victonbus:

59 1306 196 1379 Britanni
213 1306 378 1404 palantes,
403 1308 583 1405 mixtoque
598 1307 754 1380 virorum
771 1306 1025 1411 mulierumque
1040 1307 1197 1405 ploratu,

57 1423 177 1495 trahere
205 1424 415 1513 vulneratos,
450 1446 573 1495 vocare
602 1422 769 1520 integros,
793 1422 951 1495 deserere
983 1424 1121 1513 domos,
1150 1448 1190 1497 ac
1264 1410 1268 1416 ’

55 1562 110 1632 per
133 1540 217 1611 bam
234 1538 327 1613 ultro
343 1540 547 1613 incendere:
575 1538 701 1637 eligere
729 1537 887 1627 latebras,
911 1555 946 1609 et
960 1537 1074 1611 statim
1089 1538 1192 1611 relin-

55 1678 172 1749 quere:
197 1656 341 1730 miscere
364 1656 511 1729 invicem
527 1653 666 1727 consilia
682 1652 808 1750 aliqua,
833 1654 912 1726 dein
927 1678 1107 1751 separare:
1132 1654 1192 1727 ali-
1262 1682 1272 1706 ·

54 1770 183 1865 quandb
199 1754 312 1869 frangi
329 1788 467 1868 aspectu
479 1769 665 1869 pignorum
682 1768 1191 1865 suorum‚saepii1sconcitari:²

51 1884 188 1981 satisque
203 1888 379 1959 constabat
395 1885 529 1961 saevisse
546 1886 736 1982 quosdam³
762 1885 799 1955 in
815 1885 979 1983 conjuges
994 1909 1034 1958 ac
1050 1885 1192 1977 bberos,

51 2016 215 2097 tamquam
248 2001 501 2075 misererenntr.
557 2000 743 2073 Proximus
775 2000 848 2072 dies
880 1998 1005 2072 faciem
1036 2001 1192 2077 uictoriae

54 2113 147 2188 latius
179 2118 332 2214 aperuit:
370 2134 505 2190 vastum
538 2116 666 2212 ubique
698 2114 885 2225 sileptium‚
919 2114 1041 2187 secreti
1073 2117 1193 2208 colles,

53 2226 206 2303 fumantia
221 2233 343 2329 procul
360 2249 461 2323 tecta,
484 2258 587 2304 nemo
605 2229 879 2327 exploratoribus
895 2230 1038 2304 obvius:
1065 2232 1192 2330 quibus

52 2344 81 2415 in
96 2370 233 2419 omnem
250 2364 383 2443 partem
400 2348 556 2435 dimissis,
574 2347 632 2419 ubi
647 2348 777 2418 incerta
793 2344 888 2444 fugae
905 2346 1058 2446 vestigia,
1074 2372 1189 2447 neque

57 2487 190 2564 usquam
208 2463 407 2562 conglobari
425 2462 540 2536 hostes
553 2480 784 2559 compertum,
807 2479 841 2534 et
856 2460 977 2535 exacti
988 2466 1063 2564 jam
1077 2482 1195 2538 aesmte

55 2579 156 2677 spargi
184 2579 316 2652 bellum
344 2581 520 2678 nequibat,
545 2580 581 2651 in
610 2581 696 2652 fines
720 2580 977 2652 Horestorum⁴
1000 2579 1194 2654 exercitum

55 2692 192 2767 deducit.
244 2694 295 2768 Ibi
311 2675 456 2792 acceptis
472 2693 660 2784 obsidibus,
685 2691 887 2790 praefectoc
954 2694 963 2711 ’
1005 2701 1031 2737 “
1048 2695 1194 2770 cirrum

53 2813 73 2852 ‘⁶
89 2809 163 2882 vehi
180 2809 440 2884 Britamriam''⁵
456 2811 634 2909 praecepit:
662 2813 752 2886 datae
767 2811 812 2882 ad
828 2810 864 2882 id
880 2810 982 2900 vires,
994 2828 1029 2883 et
1044 2837 1191 2908 praeces·

54 2942 132 2998 serat
158 2941 293 2998 terror:
321 2927 391 3024 ipse
420 2929 570 3025 peditem
586 2945 688 3028 atque
705 2926 837 3025 equites
853 2927 946 3002 lento
961 2926 1095 3018 itinere,
1119 2925 1195 3026 qud

90 3181 97 3206 ¹
113 3183 268 3262 Profectus
281 3185 411 3243 cohortis.
454 3185 502 3244 Sic
516 3189 594 3264 apurl
644 3185 753 3264 serpitis,
774 3184 854 3264 qudm
868 3185 896 3243 in
900 3185 1084 3265 formidinem
1096 3185 1199 3246 stimu-

55 3265 189 3322 rruditum
213 3265 340 3334 Gurdon,
370 3267 425 3324 loc.
449 3269 499 3324 cit.
538 3269 594 3324 'l'a-
647 3269 751 3326 tantur.

57 3339 113 3399 butt
127 3363 230 3402 xxxv.
243 3365 322 3402 uum.
335 3353 545 3406 2.mcm0ratur
556 3351 594 3416 Q.
687 3343 836 3405 ³Srrairsc
856 3345 996 3422 quosdam.
1036 3345 1136 3404 'l'aicm
1158 3349 1197 3406 sc·
1263 3351 1269 3361 “

58 3421 155 3481 Florius
182 3425 339 3494 maternus,
369 3429 518 3503 praefectus
539 3431 594 3487 Co·
648 3429 754 3486 ruciam
771 3428 929 3484 notavimus
941 3443 1037 3500 supra,
1057 3429 1092 3484 de
1106 3429 1206 3488 stom
1241 3463 1245 3470 ·

57 3500 131 3561 bortis
144 3507 242 3584 primae
255 3508 444 3584 Tungrorum.
649 3511 701 3566 bus
722 3509 950 3576 Gerrnanorurn,·
967 3524 1031 3584 cap.
1059 3515 1109 3577 37.
1136 3526 1197 3570 not.

649 3609 712 3663 sup.

275 3677 369 3736 DEO
686 3667 702 3700 ⁴
723 3668 924 3724 ¹Horestorum.
965 3667 1090 3741 Hareni,
1119 3689 1198 3731 nunc

174 3782 325 3844 ttxn'tt
349 3785 467 3853 (ΜΝ
649 3751 759 3826 Augu-r,
796 3747 899 3805 Scotia·
931 3750 1088 3826 provincia,
1124 3750 1198 3810 inter
1320 3812 1327 3826 x

333 3889 342 3902 ,
649 3829 805 3905 provincias
840 3827 992 3888 Strothcrn
1027 3841 1056 3888 et
1086 3831 1198 3904 Mem,

173 3889 336 3947 ΜΒΝ
349 3889 368 3946 3
391 3889 469 3946 MA·
651 3909 797 3966 Orientem
813 3907 931 3980 rcrsirs„

145 3995 330 4053 TERNVS
354 3993 501 4052 PRAEF
689 3988 698 4020 ⁵
729 3989 902 4048 Circumcehi
923 3989 1112 4051 Britanniam.
1153 3995 1200 4052 Dc

173 4101 264 4158 COH
299 4099 310 4156 Ι
343 4101 470 4158 Two
649 4069 703 4128 i't'dc
719 4071 806 4128 classe
818 4071 994 4128 Britanniam
1005 4071 1201 4133 Circumvt’cid

206 4211 209 4218 ¹
268 4144 276 4166 '
315 4143 322 4158 ‘
357 4205 360 4216 ,
408 4134 419 4158 ⁸
650 4152 760 4209 dictum
783 4163 825 4208 cst
845 4152 911 4208 sutis
930 4152 959 4208 in
977 4162 1036 4210 not.
1049 4157 1200 4214 cterncnd.

221 4208 260 4265 V·
282 4209 311 4265 S·
335 4207 369 4264 1¹·
392 4205 437 4264 Μ·
622 4275 626 4317 ,
650 4234 686 4290 ad
711 4251 775 4308 cup.
797 4237 845 4290 28.
887 4233 1018 4290 Prot'ccta
1039 4245 1083 4292 cst
1105 4251 1202 4295 autern

98 4303 108 4330 ²
122 4305 224 4384 Sapide
237 4309 382 4368 concitari.
417 4309 494 4366 Veri:
509 4313 600 4368 obscr-
651 4313 747 4370 classis
757 4313 793 4368 ab
805 4313 937 4370 astuario
949 4313 1021 4378 'l'ao‚
1033 4335 1109 4373 nunc
1119 4314 1203 4374 Firtt

62 4401 148 4446 ratum
161 4391 177 4447 b
189 4391 292 4448 Tacito
307 4391 381 4448 Hist.
397 4407 433 4446 tt.
447 4397 495 4448 at.
511 4391 601 4447 homi·
651 4393 687 4470 (ψ’
696 4393 767 4470 Toy,
786 4393 867 4450 autb
880 4393 1126 4470 paulosupcriorc
1140 4417 1203 4473 por-

65 4485 104 4522 rus
124 4471 240 4530 extremd
265 4471 454 4548 desperatione
477 4473 514 4530 ud
530 4473 598 4530 irruit
652 4485 694 4548 tu,
716 4474 767 4553 qui
782 4491 858 4532 nuuc
873 4474 982 4536 dicitur
994 4475 1152 4536 Mortruse.
