2859 4950
1118 269 1179 342 nor

88 441 141 512 26.
165 435 265 510 nnc
279 452 405 532 spreta,
429 434 616 508 laeuonuus
629 433 798 532 auspiciis,
814 431 993 532 effusique
1012 432 1184 532 Principia·

52 555 263 641 literalitate3¹
289 569 433 650 tumque
459 553 617 648 primum
639 551 821 649 publicatae
845 551 977 648 imperii
1005 552 1180 642 rationes,⁸

53 689 76 744 et
87 669 212 743 comitia
228 667 273 738 ad
290 691 452 764 eampum
467 685 636 742 revocata.
688 667 803 741 Multa
819 692 960 782 quoque
970 667 1181 764 populariter

51 787 171 858 actitata.
221 783 327 857 lussit
350 784 441 858 eninr
467 786 585 859 Caesar
602 784 727 857 milites
748 783 905 856 incendia
925 776 1137 882 restinguere
1143 787 1180 875 3²

51 919 75 973 et
97 903 255 974 donnum
286 917 402 998 passos
426 903 571 1000 pecunii
594 902 728 975 levavit.
788 899 984 975 Provincias
1007 899 1182 974 beneficiis

51 1017 201 1108 devirrdt3
229 1034 275 1090 es
290 1017 418 1091 multos
447 1037 546 1092 extra
573 1019 717 1108 ltaliam,
743 1016 971 1090 adfirrimffius
998 1032 1034 1088 et
1058 1015 1182 1111 opibus

50 1131 166 1221 validos,
178 1133 213 1206 in
224 1151 421 1231 equestrem
434 1135 612 1232 ordinem4
635 1126 775 1232 adlegit,
789 1133 877 1206 luxu
891 1149 925 1205 et
946 1132 1181 1230 recognitione

50 1249 329 1343 supramemorati
345 1249 585 1344 deminutum:
612 1251 787 1324 nonnullis
799 1249 927 1340 etiam,⁵
952 1246 1185 1326 ticttnullum

51 1365 260 1460 magistratum
271 1367 466 1464 gessissent,
482 1392 585 1441 usum
598 1367 776 1459 serutariae
785 1365 900 1455 vestis,
909 1365 946 1437 in
957 1389 1056 1461 spem
1072 1362 1201 1473 digni·
1281 1439 1291 1448 ,

51 1477 116 1566 tntis,
141 1482 329 1574 concessit;
369 1497 485 1582 atque,
511 1500 549 1558 ut
574 1485 682 1560 levior
710 1481 801 1558 foret
820 1482 979 1583 judicum
1003 1481 1115 1570 rabor,
1135 1481 1181 1556 ad
1254 1508 1257 1513 ·

52 1611 170 1686 quatuor
191 1597 326 1694 priores
360 1600 516 1698 quintam
537 1597 667 1676 addidit
695 1595 898 1674 decuriam.⁶
957 1599 1067 1694 Quod
1092 1597 1180 1670 vero

51 286 72 348 l.
86 283 117 344 C.
134 285 183 342 38.
320 279 430 342 LIBRI
450 277 618 344 suerunt
639 277 886 356 tuoruum,

63 1804 88 1894 '¹
108 1807 320 1880 liberalitate„
354 1814 399 1873 De
422 1815 477 1876 hic
512 1817 577 1878 Csii
631 1819 812 1878 uocabantur.
852 1816 984 1876 Judicum
1007 1834 1180 1893 quoquenon

54 1883 204 1964 liberalitate,
239 1895 403 1953 inconsulti
450 1899 577 1975 quidem,
631 1897 819 1975 nitiquotuor
843 1893 1054 1976 decuriofuere
1068 1895 1178 1972 primo:

50 1969 85 2056 *td
106 1974 205 2049 populo
226 1993 339 2055 sernper
360 1977 490 2050 probati,
513 1979 577 2038 vide
630 1979 731 2056 aisque
755 1977 867 2054 singulo
894 1978 983 2036 millio
1004 1976 1033 2034 in
1059 1977 1180 2036 decuriis

55 2045 159 2122 nomn,
182 2071 250 2112 arx.
274 2075 305 2132 p.
332 2052 392 2114 644
412 2067 440 2116 et
466 2056 536 2128 647.
548 2071 578 2120 et
630 2059 744 2116 invento
762 2066 838 2126 sunt,
849 2059 969 2116 nondum
977 2057 1131 2134 prouinciis
1143 2060 1182 2120 od

54 2123 190 2190 Suetonium
208 2135 236 2191 in
252 2135 414 2206 Caio,xv1.
630 2139 680 2197 loc
688 2158 784 2196 munus
793 2135 935 2195 admissis:
949 2143 1142 2212 seruatumque
1150 2139 1180 2206 ia

62 2203 244 2295 fontum.
300 2216 345 2273 De
390 2217 499 2295 imperii
532 2238 577 2277 ra·
629 2215 789 2277 hodiernum
803 2217 975 2293 eet,ncquts
994 2216 1180 2278 inouiccici-

53 2291 148 2348 toribus
161 2296 343 2374 comitiisque
369 2298 406 2354 ad
428 2317 573 2376 campum,
629 2301 679 2358 bus
713 2299 743 2356 in
776 2297 811 2356 iit
833 2298 994 2374 judicaret.
1047 2296 1180 2358 Decurioe

53 2383 85 2422 teu
113 2376 257 2449 populum,
292 2378 428 2436 revocatis
463 2381 572 2440 dictum

53 2461 185 2531 suqrcn'cnp.
198 2464 228 2526 9.
260 2508 264 2514 .

53 2522 87 2615 Μ’
107 2533 232 2596 lucendio
268 2542 452 2617 restinguere.
506 2536 573 2609 Dio,

52 2606 102 2695 lid.
121 2616 231 2675 Sueton.
245 2622 277 2677 in
291 2620 373 2689 Caio,
386 2638 454 2677 xvr.
493 2616 572 2677 Mul-

51 2690 77 2743 tu
86 2691 260 2757 incendiorum
274 2701 374 2757 domno
385 2698 534 2775 supplevit·
564 2744 567 2751 ,

53 2763 94 2903 ὦῶ
106 2774 135 2829 ln
158 2786 310 2855 equestrem
329 2778 462 2839 ordinem.
503 2777 572 2849 Dio,

72 2922 86 3013 ι’
105 2930 248 3001 Nonnullis
275 2940 369 2999 ctiam.
417 2938 573 2999 Nonnullis

53 3012 113 3066 erran
133 3034 165 3073 er
180 3018 222 3078 his
244 3020 449 3080 illustrioribus
469 3021 572 3096 equiti-

629 2399 735 2457 quoquc
746 2381 811 2456 ipso
819 2377 948 2455 pluribus
958 2377 1085 2456 discreto
1092 2380 1180 2435 nomi·

627 2461 708 2517 nibus
719 2459 817 2539 fuere,
845 2455 1031 2516 Tribocorum
1051 2457 1124 2528 orie,
1149 2466 1178 2517 et

628 2540 811 2609 Selmtmnm,
830 2548 857 2596 et
882 2538 1025 2597 Judicum.
1066 2538 1179 2608 Protcr

629 2619 676 2676 loa
703 2622 851 2679 etiamnum
871 2618 1019 2695 Nongenti
1043 2621 1179 2679 uocation-

629 2706 686 2769 tur,
707 2720 741 2757 eu
762 2700 884 2758 omnibus
907 2699 1004 2757 aelecti
1030 2698 1067 2757 od
1086 2710 1177 2759 cuato-

628 2778 743 2839 diendas
753 2780 838 2837 cistae
850 2780 1050 2856 stfiragiorum
1061 2778 1089 2837 in
1097 2781 1179 2838 comi·

628 2860 838 2921 tiis-Tiberii.
860 2861 964 2919 demum
1000 2858 1178 2937 principalis

627 2962 697 2999 nono
712 2962 784 2999 onno
797 2941 826 2998 in
838 2944 973 2999 unitatem
986 2942 1063 2998 cenit
1083 2960 1177 3017 eques·

627 3029 671 3079 ter
685 3022 772 3080 ordo:
794 3022 992 3097 anulorumque
1011 3021 1178 3081 auctoritati
1248 3019 1252 3026 ’

53 3080 88 3142 bus
100 3096 172 3154 usrtln
192 3103 339 3161 senatorios
359 3101 445 3157 vestis
459 3100 570 3159 tribuit.
616 3100 719 3179 formo
738 3100 890 3159 constituta
911 3110 962 3159 est.
1004 3102 1100 3170 Quurn
1115 3103 1177 3160 ‘tor-

78 3159 237 3241 ⁶Qaintam
276 3182 387 3241 addidit
422 3180 572 3239 decennium.

55 3240 177 3315 Suetonius
199 3262 228 3319 in
252 3264 333 3333 Caio,
358 3279 427 3319 xvr.
469 3262 571 3319 Sensus

55 3339 89 3396 ‘il
109 3336 139 3390 {tl
164 3350 286 3415 quatuor
307 3342 414 3421 priores
440 3341 571 3417 equiturn

55 3400 165 3491 decurias,
185 3422 315 3496 quintum
336 3422 456 3491 addidit,
481 3429 513 3478 ut
534 3420 574 3479 le·

55 3490 464 3580 §ltrloietjudicantibuslabor.
480 3500 570 3561 Porro

56 3558 83 3618 tllr
97 3576 197 3642 Jodiccs
216 3594 296 3640 crant
308 3586 416 3659 equites
437 3582 569 3641 Romani.

56 3638 132 3707 ssd,
151 3655 202 3719 hic
223 3682 253 3719 re
275 3664 434 3721 audiendus
449 3662 568 3735 Plinius,

56 3734 149 3810 luxus.
164 3745 174 3794 l
190 3750 217 3798 et
238 3750 266 3807 2.
308 3744 397 3803 Anuli
415 3744 497 3819 plani
516 3765 572 3803 me·

68 3820 107 3897 turn
118 3819 237 3891 equitum
251 3824 384 3894 ordinem,
394 3823 571 3899 tertiumque,

55 3881 107 3948 oleti
124 3902 148 3950 et
166 3904 290 3975 patrium
315 3906 474 3965 intonen.-
499 3904 572 3981 qnod

57 3970 117 4026 arten
134 3979 262 4045 militares
283 3986 346 4063 equi
370 4003 466 4045 nornen
491 3986 572 4041 dedc-

58 4054 114 4117 ’Μ’
127 4053 171 4115 loc
182 4083 250 4124 nunc
261 4065 385 4145 pecunie
388 4064 505 4143 judicer
517 4065 572 4123 tri-

59 4116 129 4211 mnne,
166 4138 224 4203 Nec
246 4148 352 4224 pridem
378 4147 409 4206 id
430 4144 568 4223 factum:

57 4192 242 4297 Droodagneta
263 4227 391 4287 demerim
411 4224 570 4295 ordinante,

626 3200 703 3240 marn
732 3182 921 3252 constituerit,
950 3200 1036 3257 quem
1060 3201 1178 3242 censum

626 3264 758 3339 equititum
772 3282 830 3320 csse
844 3258 1178 3337 voluerit‚ja'rudixirnua
1272 3288 1283 3308 e

626 3343 656 3399 in
678 3355 738 3401 not.
756 3356 785 3400 et
808 3342 919 3399 emend.
943 3344 979 3399 ud
999 3343 1104 3401 Annei.
1123 3362 1176 3403 111.

627 3426 676 3479 55.
716 3423 820 3483 Posteri
844 3422 986 3501 gregatim
1011 3424 1121 3503 insigne
1145 3426 1177 3484 id

625 3504 721 3580 appeti
744 3512 869 3579 coptum.
919 3504 1094 3581 Propterque
1120 3506 1176 3563 loc

626 3583 787 3641 discrimino
813 3580 898 3641 Coiua
927 3582 1063 3660 Princeps
1096 3585 1176 3643 decu·

627 3663 697 3720 riom
723 3664 847 3741 quintam
865 3665 984 3743 adjecit:
1015 3673 1176 3741 tantumque

626 3751 722 3801 notum
736 3754 778 3803 eet
789 3741 901 3837 jacite,
912 3755 949 3803 nt*
965 3765 1025 3823 quoe
1042 3745 1091 3803 rub
1112 3746 1176 3803 diuo

627 3825 759 3901 Angusto
784 3826 892 3903 impleri
926 3845 980 3881 non
1013 3833 1176 3900 potuerant,

627 3905 747 3963 decurio
768 3926 822 3964 non
845 3906 958 3982 copiam
972 3924 1030 3962 eum
1044 3905 1177 3975 ordinem,

623 3986 781 4062 passimque
799 3988 837 4044 ad
861 3993 1022 4043 ornamenta
1042 4006 1074 4043 co
1094 3986 1177 4045 ctiam

625 4067 762 4124 seruitute
774 4067 886 4125 liberati
897 4063 1083 4125 transiliunt:
1106 4066 1179 4143 quod

625 4148 710 4204 anteri
728 4158 872 4223 nuncquam
897 4155 960 4204 crat
973 4144 1099 4225 sactum,
1113 4167 1179 4223 quo·

623 4225 699 4283 niam
713 4228 744 4283 in
766 4228 860 4295 ferreo
879 4227 963 4284 onrtlo
980 4226 1086 4303 equites
1094 4228 1179 4303 judi·

58 4288 472 4415 'flitpunjnuieominserreo
486 4307 569 4363 unedo
625 4326 723 4383 aesque
755 4304 1178 4381 intelligebanturr-dudicum

67 4372 96 4422 ¹⁴⁸¹
102 4389 109 4423 ·‘
128 4392 193 4455 'tque
205 4404 257 4448 non
269 4389 384 4471 equitet,
395 4390 445 4449 ted
453 4386 570 4471 judicet
625 4394 716 4457 autem
729 4387 914 4470 appellatione
923 4387 1052 4465 reputari
1061 4405 1120 4447 min
1133 4406 1180 4443 or-
