2859 4950
39 368 163 429 tots
315 360 425 422 trum
447 359 602 421 uncum
623 329 865 419 sultanum.
1126 368 1185 431 ιη

86 534 139 597 14.
164 521 379 595 Extrema
393 514 1071 615 reipublicaetemporibus,invalesce11te
1084 514 1187 591 luxu·

39 638 96 727 rii,
111 637 286 712 recruduit
301 634 463 737 ignobilis
478 631 583 709 fama:
599 632 746 707 vesania.
798 634 959 705 Tandem
975 634 1040 705 sub
1056 630 1186 705 Princi-

38 755 140 852 pibus,
165 754 251 827 ‘citm
266 752 384 827 omnia
400 750 504 825 unius
520 748 674 838 arbitrio,
691 772 884 845 paucorum
896 746 1007 847 gratid
1023 762 1186 847 regeren-

38 889 98 958 tur,
133 872 284 969 urbsque
307 894 377 943 una
404 867 511 941 totius
539 864 674 963 imperii
699 862 857 937 fortunas
871 864 1186 960 complecteretur,

37 986 143 1058 nullus
159 984 225 1057 fuit
241 1002 433 1059 statuarum
459 979 695 1082 imaginumve
712 980 813 1054 finis:
841 1006 898 1053 eas
915 980 1061 1078 quisque
1077 979 1188 1053 vanis·

35 1102 132 1175 simus
147 1119 181 1174 et
198 1101 367 1173 malarum
394 1097 522 1171 artium
548 1115 710 1171 strenuus
727 1122 799 1171 non
816 1097 925 1171 modb
942 1098 979 1168 in
996 1080 1128 1170 aedibus
1151 1112 1187 1170 et

37 1218 131 1307 atriis,
155 1218 217 1291 sed
234 1216 441 1311 intemplis,
466 1215 516 1292 in*
532 1212 632 1302 foris,
657 1214 896 1289 oculatissimis
912 1213 948 1287 in
966 1212 1064 1302 locis,
1088 1213 1187 1288 nullo

36 1334 173 1431 pudore,
215 1330 357 1407 audacii
400 1331 565 1419 maximi,
608 1330 671 1403 sibi
706 1332 936 1407 collocavere.
989 1330 1088 1405 Citm
1126 1327 1186 1403 vix

36 1468 180 1523 maneret
208 1448 326 1521 virtuti
356 1448 468 1537 locus,
494 1448 602 1521 edixit
625 1448 791 1543 Princeps
821 1453 846 1489 “
865 1465 903 1519 ut
931 1446 1100 1543 immensa
1127 1445 1186 1521 illa

37 1572 57 1607 “
78 1582 268 1639 statuarum
284 1581 319 1637 et
334 1564 526 1662 imaginum
542 1565 594 1637 vis
610 1565 716 1637 alium
733 1564 900 1637 inlocum
918 1561 1184 1637 transferretur:

35 1686 57 1725 “
77 1681 204 1755 nemini
234 1678 369 1778 posted,
405 1679 468 1753 nisi
502 1680 715 1777 adprobante
744 1697 878 1771 senatu,
914 1680 1022 1753 ullam
1055 1702 1186 1776 ponere

34 1803 56 1839 “
78 1796 247 1871 liceret.’'¹
298 1796 369 1869 lllis
398 1797 551 1885 tantum,
578 1796 637 1893 qui
654 1797 710 1869 vel
725 1812 840 1871 vetera
857 1811 1084 1869 monumenta
1105 1796 1184 1869 refu

32 1930 152 2004 terent,
177 1913 238 1987 vel
266 1937 357 1985 nova
382 1929 614 2002 exstruerent,
640 1912 775 1985 licitum
801 1912 931 1986 “utin
948 1912 988 1986 iis
1004 1938 1082 1987 suas
1107 1936 1185 1987 suo·

33 2035 53 2071 ‘⁶
74 2054 226 2130 rumque
243 2028 409 2129 imagines
426 2031 695 2129 publicarent.’'²

75 2276 131 2339 15.
157 2266 324 2339 Damus
352 2262 630 2337 animadversum
659 2264 696 2337 in
724 2267 955 2363 potestatum³
985 2263 1183 2357 avaritiamp

30 2397 119 2455 tems
155 2383 306 2471 malum,
347 2398 382 2455 et
420 2382 554 2482 legibus
592 2382 747 2457 validius.
802 2380 957 2479 Quidam
997 2378 1192 2479 provinciae.

29 2515 147 2590 rector,
171 2503 221 2574 ob
250 2517 390 2598 accepta
415 2520 562 2573 munera
586 2498 735 2589 insumo,
760 2500 796 2572 in
818 2497 962 2574 exilium
983 2499 1185 2598 ablegatus;

28 2629 58 2684 et
72 2641 308 2716 quaecumque
324 2615 360 2689 in
376 2615 586 2714 praefecturi
602 2635 796 2715 paraverat,
820 2620 886 2691 sub
903 2615 1001 2690 hasti
1022 2616 1188 2692 vendita:

28 2729 78 2804 Ne
102 2735 229 2808 ceteris
244 2735 291 2808 ob
309 2732 490 2808 continuas
506 2733 688 2833 dignitates
716 2733 877 2834 glisceret
902 2732 1051 2823 licentia,
1076 2760 1187 2832 popu·
1222 2782 1226 2799 .

28 2843 103 2924 lisve
118 2850 240 2948 iniqua
252 2849 382 2949 judicia
397 2849 539 2948 vimque
550 2849 788 2948 conquerendi
805 2849 948 2924 facultas
961 2851 1186 2943 adimeretur,

28 2964 108 3038 cavit
139 2967 310 3064 Princeps
338 2992 383 3040 ne
406 2967 664 3064 provinciarum
692 2965 903 3064 praefecturi
931 2967 1115 3044 defimctos
1142 2971 1187 3044 ad

28 3077 103 3154 alios
119 3083 275 3156 honores
291 3083 405 3156 statim
421 3101 645 3181 promoveret
657 3088 692 3156 :⁵
719 3083 880 3158 obsoletis
898 3073 1040 3185 quoque
1051 3086 1188 3185 legibus

28 3198 261 3273 auctoritatem
285 3201 417 3275 addidit
446 3208 525 3274 “ut
553 3201 688 3301 injuriae
716 3203 760 3274 ab
785 3202 977 3276 rectoribus
1003 3201 1117 3276 inlatae
1143 3203 1187 3276 ad

29 3313 49 3348 '‘
71 3333 232 3390 serratum
265 3313 507 3394 deferrentur:
551 3344 618 3394 nec
644 3319 685 3394 iis
718 3319 836 3392 liceret
868 3317 1186 3417 peregrinationum

28 3431 47 3468 “
69 3431 297 3507 diuturnitate
312 3433 429 3510 aliisve
445 3435 576 3510 artibus
601 3430 835 3511 accusationes
851 3435 1043 3534 legumque
1063 3433 1188 3509 severi-

28 3549 177 3622 “tatem
208 3549 491 3652 subterfugere.''
543 3553 604 3626 Ne
631 3547 889 3626 adsessoribus⁶
918 3550 1075 3652 quidem,
1105 3549 1187 3627 licdt

28 3663 64 3736 ad
88 3665 273 3740 biennium
289 3691 419 3743 munus
433 3669 623 3769 aliquando
648 3669 901 3769 prorogaverit‚
924 3669 982 3743 vel
998 3668 1071 3768 ipse
1087 3668 1189 3744 desti.-

62 3943 212 4010 ¹Poncre
234 3949 345 4012 liceret.
387 3953 457 4027 Dio,
479 3973 530 4050 px.
550 3975 582 4036 p.
674 3947 919 4018 6Λάεωεονίῠυε.
960 3955 1127 4014 Adsossoros
1142 3957 1185 4017 di-

28 4021 77 4086 681
633 4037 843 4116 cebantur,qui
859 4037 876 4095 b
890 4037 1058 4116 praesidibus
1073 4037 1102 4094 in
1117 4060 1186 4097 con-

28 4074 245 4202 H²⁵Imagines
273 4113 466 4192 publicarent.
512 4117 584 4189 Dio,
633 4117 731 4176 silium
745 4121 966 4188 adhibebantur,
987 4132 1015 4176 et
1028 4117 1067 4174 eis
1080 4117 1109 4175 in
1117 4123 1184 4197 jure

28 4189 94 4250 tbtd.
633 4199 762 4258 dicundo
797 4200 976 4258 adsidebattt.
1031 4199 1186 4261 Praetorius

62 4265 290 4333 'Potamon
334 4275 379 4334 De
392 4277 583 4355 potestatibus
635 4281 757 4340 unicum
780 4281 939 4359 deligebat:
964 4292 1019 4338 tres
1037 4281 1104 4340 verb
1119 4301 1210 4340 con-¹
1314 4259 1317 4264 Ι

28 4349 82 4422 jam
98 4354 398 4438 dictumsupraeap.
413 4366 442 4419 8.
634 4361 756 4432 sularis3
791 4371 824 4420 ut
851 4362 937 4420 docet
964 4361 1034 4432 Dio,
1057 4377 1131 4422 stu.
1156 4385 1185 4443 p.

60 4430 75 4463 ⁴
99 4433 245 4495 Vendita.
291 4439 361 4509 Dio,‘
383 4457 435 4499 tx.
450 4461 480 4519 p.
493 4435 564 4501 681.
633 4447 704 4502 ⁵05.

64 4509 294 4584 ‘promoveres
324 4519 392 4593 Dio,
408 4539 461 4581 tx.
474 4541 504 4601 p.
516 4518 586 4583 682.
602 4556 613 4595 ·.
