2859 4950
241 322 301 381 AD
323 321 399 383 LlB.
419 321 477 381 DE
498 311 683 382 moninus
704 320 1020 389 GERMANORUM·
1150 324 1210 390 ’561
1319 363 1330 370 -

66 470 129 536 Ta.
145 492 222 537 xxv.
244 480 265 531 ἐ(
280 475 319 538 de
340 472 489 559 Ingenuis
509 471 695 554 hominibus,
718 472 771 561 qui
797 472 939 541 mulieres
963 474 1106 559 ingenuas
1130 480 1212 563 rapi·

63 581 145 645 unt.’'
187 582 266 669 leg.
281 594 313 651 8.
345 585 510 671 “Siquis
535 583 670 670 puellam
698 599 874 669 sponsatam
900 584 1012 666 tulerit,
1042 600 1075 653 et
1096 586 1155 659 sibi
1179 588 1211 653 in

64 692 237 778 conjugium
266 694 437 775 sociaverit,
471 716 597 760 mssa.
632 715 880 778 Anssrusw,
918 718 1025 763 marn.
1059 699 1128 763 den.
1157 700 1210 786 qui
1260 698 1264 721 ¹

61 804 175 869 faciunt
198 804 255 870 sol.
282 826 375 871 nxn.
399 828 472 871 cum
494 805 633 884 dimidio,
665 806 828 892 culpabilis
845 808 1032 894 judicetur?
1078 808 1154 895 leg.
1176 820 1209 885 9.

61 918 83 950 “
97 914 223 999 Sponso
237 929 340 981 autem
355 918 421 1004 ejus
437 938 495 981 nc.
510 918 580 981 den.
595 917 648 1004 qui
667 918 782 983 iaciunt
796 916 859 991 sol,
871 940 932 983 xv.
954 917 1116 1004 culpabilis
1124 922 1210 1007 judi-

61 1025 174 1089 cetur.’'
217 1026 296 1111 Lag.
315 1038 363 1093 10.
386 1027 535 1114 “Siquis
550 1028 686 1112 puellam
699 1042 886 1113 sponsatam,
907 1029 1017 1095 druthe
1031 1031 1160 1096 ducente
1170 1033 1209 1096 ad

59 1137 202 1201 uraritum
216 1137 262 1216 (id
275 1152 334 1219 est,
353 1139 468 1225 sponsi
488 1138 633 1207 maritum
655 1142 803 1221 arleunte)
823 1153 854 1204 et
877 1162 945 1204 eam
970 1139 1001 1205 in
1027 1141 1076 1204 vit
1101 1140 1210 1227 aliquis

60 1247 221 1328 adsalierit,
264 1263 296 1315 et
332 1274 403 1315 cum
444 1249 513 1335 ipah
552 1249 699 1317 violenter
734 1253 904 1317 moechatus
939 1250 1041 1331 fuerit,
1080 1271 1210 1317 arana.

61 1378 391 1454 cusuorcsuuo,
416 1362 547 1427 arran.
569 1363 638 1427 den.
652 1363 706 1449 qui
720 1363 835 1427 faciunt
850 1361 938 1425 solid.
966 1383 1020 1427 cc.
1044 1362 1209 1447 culpabilis

52 1468 239 1555 judicetur.’'
284 1471 438 1555 leg.12.
468 1472 536 1538 “Si
552 1472 629 1559 -quis
653 1495 800 1553 sororem,
831 1486 884 1537 aut
906 1472 1006 1537 fratris
1029 1472 1135 1554 filiam,
1157 1486 1210 1541 aut

59 1581 140 1645 certe
155 1579 281 1647 alterius
295 1582 406 1667 gradbs
419 1584 646 1662 consobrinam,
661 1597 714 1649 aut
729 1583 829 1649 fratris
838 1606 976 1662 uxorem,
991 1598 1044 1650 aut
1054 1584 1210 1669 avunculi,

59 1688 212 1757 sceleratis
224 1694 340 1779 nuptiis
353 1693 411 1759 sibi
420 1694 568 1780 junxerit,
588 1694 661 1759 huic
672 1716 773 1781 poenae
788 1695 954 1781 subjaceat,
975 1707 1010 1760 ut
1035 1692 1055 1758 d
1069 1695 1122 1761 tali
1135 1718 1210 1761 con-

58 1802 153 1867 sortio
178 1817 358 1890 separetur,
381 1818 473 1892 atque
493 1805 587 1871 ctiam
608 1805 634 1869 si
657 1804 737 1873 filios
761 1805 933 1897 habuerint,
954 1828 1016 1869 non
1038 1807 1211 1873 habeantur

58 1906 189 1996 legitimi
199 1916 336 1995 heredes,
358 1918 410 1981 sed
435 1916 561 1981 infamih
587 1930 657 1983 sunt
682 1916 810 1981 notati.’'
854 1916 935 2001 Leg.
964 1926 1012 1983 tn.
1044 1917 1210 2004 “Siquis

58 2023 221 2107 iugenuam
236 2027 393 2093 feminam
406 2042 460 2094 aut
478 2027 626 2115 puellam,
648 2027 851 2093 contubernio
863 2030 957 2108 facto,
980 2052 1033 2095 seu
1048 2029 1079 2093 in
1093 2012 1225 2113 itinere,x

59 2148 110 2199 aut
125 2136 267 2223 quolibet
286 2137 367 2203 loco·
377 2137 540 2217 adsalierit,
562 2153 594 2204 et
619 2138 680 2203 vim
703 2138 747 2203 illi
769 2139 882 2203 inferre
904 2139 1122 2224 presumserit,
1145 2153 1210 2207 tam

59 2268 134 2311 unus
148 2243 398 2336 quamplurimi,
416 2249 470 2336 qui
483 2249 516 2313 in
528 2250 598 2335 ipah
612 2248 757 2315 viola-tid
772 2250 884 2318 fuerint
897 2248 1034 2331 admixti,
1051 2271 1107 2315 cc.
1119 2252 1210 2317 solid.

51 2360 268 2447 'unusquisque
291 2360 430 2445 ipsorum
455 2360 619 2447 culpabilis
637 2361 804 2448 judicetur.
848 2358 892 2426 Et
922 2361 948 2429 si
971 2360 1069 2427 adhuc
1092 2363 1131 2427 de
1153 2362 1209 2429 illo

59 2471 263 2537 contubernio
276 2473 483 2553 remanserint,
505 2473 558 2560 qui
571 2471 672 2538 scelus
684 2471 766 2540 istud
779 2495 842 2538 uon
856 2470 1009 2538 admisisse
1032 2486 1210 2555 noscuntur,

59 2592 205 2647 ettamen
219 2581 335 2648 ibidem
348 2583 469 2663 fuerint,
491 2607 598 2649 eorum
613 2582 742 2669 quilibet
756 2607 814 2669 pro
827 2582 902 2667 ipsis
922 2603 1007 2650 xnv.
1022 2583 1079 2650 sol.
1101 2583 1210 2672 culpa·

59 2691 126 2756 bilis
134 2693 325 2780 judicetur.''
367 2695 448 2761 Vide
461 2695 578 2765 et'l'it.
598 2715 714 2765 mn.
736 2703 757 2732 “
772 2695 810 2760 de
834 2693 938 2762 Manu
959 2695 1124 2762 mulierum
1147 2719 1210 2764 non

58 2803 263 2892 stringendi?

102 2915 176 2984 Non
189 2941 272 2985 uror
285 2920 407 2987 morito.
429 2920 575 2988 AMss,
585 2920 755 3008 Bamberg.
769 2935 800 2987 et
814 2920 963 2988 Arundel.
974 2925 1071 3003 abest,
1085 2922 1210 2988 amoto.

60 3026 171 3095 blanet
191 3030 296 3096 adhuc
318 3033 400 3117 apud
431 3057 487 3098 nos
522 3033 617 3119 prisci
636 3035 711 3100 ushs
731 3033 882 3098 memoria
905 3035 936 3099 in
958 3043 1093 3098 uxorum
1114 3033 1209 3100 dote:

57 3138 210 3229 illumque
223 3140 374 3208 illustrant
386 3155 502 3210 veteres
516 3142 683 3224 Formnlae,
704 3167 774 3230 quae
792 3143 912 3230 scriptas
934 3156 1015 3222 sunt,
1037 3143 1111 3208 chus
1134 3167 1210 3228 opes

56 3252 292 3340 humanitasque
304 3253 475 3321 crevissent.
519 3257 572 3322 sic
584 3268 688 3319 autem
698 3253 846 3320 Formula
858 3275 934 3318 xrv.
950 3255 1018 3317 “de
1030 3251 1211 3320 Donatioue

59 3361 220 3450 insponsh
235 3365 348 3432 facta?
391 3372 411 3405 “
427 3365 498 3431 Lex
511 3380 542 3432 et
557 3367 749 3432 consuetudo
762 3364 911 3452 exposcit,
926 3377 961 3429 ut
973 3362 1119 3450 quicquid
1132 3362 1211 3430 inter

60 3497 207 3559 sponsum
222 3490 255 3543 et
268 3501 414 3563 sponsam
422 3479 463 3542 de
475 3477 584 3542 laturis
596 3477 711 3562 nuptiis
720 3478 812 3544 fuerit
823 3475 986 3541 diffinitum
997 3472 1046 3538 vel
1056 3473 1211 3558 largitum,

59 3600 111 3653 aut
124 3611 164 3653 ex
175 3610 326 3654 consessu
340 3603 512 3674 parentum,
529 3601 583 3653 ant
602 3588 661 3674 ipsi
683 3588 710 3653 si
732 3587 778 3653 sui
795 3585 875 3673 juris
889 3596 970 3665 suut,
991 3584 1211 3670 scriptruarum

60 3697 243 3765 solennitate
256 3699 404 3766 firmetur.
440 3697 563 3765 Idcirco
577 3721 636 3784 ego
650 3699 685 3764 in
696 3697 761 3764 Dei
774 3695 899 3762 nomine
911 3694 965 3760 ille
980 3693 1026 3762 N.
1042 3695 1116 3758 dum
1131 3694 1211 3760 mul-

59 3822 165 3876 torum
176 3811 307 3876 habetur
319 3810 545 3896 percognitum,
561 3809 646 3898 qubd
657 3832 715 3895 ago
731 3823 762 3876 te
775 3808 828 3873 illa
844 3807 889 3874 N.
904 3804 965 3872 uni
978 3829 1050 3870 cum
1062 3827 1212 3873 consensu

58 3917 1211 4007 parentum,velamicorumnostrorum,tuhspontanehvoluntatespousavi,

60 4033 136 4100 mihi
150 4032 269 4119 placuit
282 4047 318 4100 ut
330 4033 446 4119 aliquid
459 4037 498 4100 de
512 4037 604 4098 rebus
617 4033 694 4098 meis
708 4054 765 4117 per
778 4033 859 4096 hunc
875 4027 996 4096 titulum
1018 4025 1114 4093 libelli
1129 4027 1211 4092 dotis

57 4159 129 4212 ante
137 4144 207 4212 dies
219 4145 393 4231 nuptiarum
403 4145 459 4211 tibi
469 4144 650 4211 confirmare
660 4145 815 4208 deberem.
831 4141 926 4216 Quod
935 4138 1017 4203 itaet
1030 4136 1099 4204 feci.
1123 4137 1212 4223 Ergb

59 4257 144 4322 douo
162 4255 224 4322 tibi
244 4257 451 4345 donatumque
473 4279 540 4322 esse
563 4255 635 4321 volu
648 4253 804 4334 locellum,
826 4274 891 4316 rem
914 4247 1108 4336 proprietatis
1124 4267 1212 4324 mee,

58 4381 291 4456 nuncupantem
304 4368 394 4437 illum
408 4368 453 4437 N.
467 4368 560 4436 situm
573 4367 605 4434 iu
619 4390 701 4454 pago
714 4365 769 4434 illu
792 4361 828 4433 N
832 4411 839 4428 .
859 4384 932 4432 cum
946 4359 1045 4440 terris,
1066 4356 1213 4442 edificiis,
