2859 4950
24 244 109 315 ilc.
125 248 186 313 os.
292 252 403 315 uum
425 241 577 315 nncnm
599 255 718 315 saxu
740 253 980 315 nNNALIUtt.
1155 262 1213 323 in

21 415 47 451 “
72 431 148 483 nos
170 434 244 500 se,
270 407 468 508 militesque
481 408 709 507 -ttiumphi”¹
736 408 994 483 clamitantium.
1046 408 1216 489 Conferta

21 528 185 601 demum
203 523 330 601 civitas
346 526 481 626 ipsique
496 542 684 617 senatores,
710 526 879 601 contentis
894 526 1051 617 vocibus,
1071 525 1215 627 ingemi·
1287 568 1288 571 ¹

21 645 179 733 naham,
210 650 242 687 ‘⁶
261 644 301 716 lo
317 641 429 717 victor
446 643 653 743 Olympice!
679 644 714 717 io
731 643 842 718 victor
857 642 1013 742 Pythice,
1030 644 1212 743 Auguste!

26 766 49 799 “
75 758 114 833 io
132 758 287 833 Neroni
298 759 464 833 Herculi!
483 759 517 832 io
532 758 668 833 Neroni
677 758 854 857 Apollini!
872 758 906 832 io
924 758 1081 833 omnium
1091 759 1213 852 victor,

26 882 50 916 “
75 874 283 975 Auguste!
310 878 415 951 Sacra
440 875 540 950 vox!
564 876 757 967 Fortimati,
783 876 879 975 queis
896 876 1074 951 coelestem
1089 902 1213 951 vocem
1314 923 1319 933 ι

27 998 50 1031 “
76 990 214 1065 audire
245 992 366 1065 datum
378 992 415 1065 !''
441 994 492 1065 lta
516 991 711 1067 incedenti²
739 992 866 1089 passim
882 992 1104 1066 caedebantur
1119 992 1214 1067 victi·

23 1132 111 1198 mae,
138 1110 406 1210 spargebantur
429 1109 569 1199 odores,
593 1133 687 1198 aves,
713 1108 882 1199 lemnisci,
905 1106 1048 1182 bellaria
1077 1108 1212 1208 ingere·

26 1224 176 1297 buntur.
234 1224 307 1297 Per
348 1223 482 1298 circum
523 1223 743 1315 maximum,³
785 1224 976 1299 Velabrum
1010 1226 1211 1324 Forumque

29 1338 142 1419 ducti
158 1339 316 1437 pompa,
340 1340 505 1439 Princeps
520 1342 565 1415 ad
581 1340 747 1439 palatium
758 1341 948 1431 adscendit,
973 1358 1021 1433 et,
1046 1341 1212 1441 Apolline

31 1456 201 1546 salutato,
222 1455 409 1531 Circenses
423 1456 588 1533 indixitz⁴
603 1458 786 1557 acriorque
801 1458 901 1533 rediit
913 1458 1077 1533 ludorum
1091 1455 1210 1534 furor:
1296 1498 1298 1505 v

31 1594 96 1645 nec
114 1572 155 1645 in
167 1574 281 1647 Urbe
296 1573 401 1663 stetit,
425 1599 490 1670 per
504 1572 697 1671 provincias
712 1553 854 1672 quoque
869 1590 1085 1673 pervagatus.
1207 1595 1209 1601 ’

79 1812 148 1878 65.
178 1804 473 1883 Rauonununr
487 1822 604 1881 tamen
614 1805 816 1881 idemtidem
831 1804 999 1881 memoria
1014 1808 1210 1900 turbarum,

35 1944 121 2018 quas
146 1919 282 1995 Helius
309 1921 535 1997 nuntiaverat.
588 1920 744 2018 Quaesita
760 1948 805 1996 ex
821 1921 1083 2021 mpemumnffi
1098 1946 1217 2017 reme,-

39 2035 106 2127 dia,
133 2036 270 2135 quibus
294 2038 402 2112 fidem
417 2036 500 2112 fecit
515 2063 627 2129 casus,
651 2038 765 2113 statim
792 2039 921 2114 retecti
946 2034 1211 2139 conjtuatione,⁰

39 2152 125 2227 ctlm
151 2178 341 2255 summum
368 2153 510 2228 instaret
532 2154 728 2231 discrimen.
778 2156 865 2229 Nox
881 2154 973 2227 enim
990 2153 1091 2232 unica
1104 2173 1210 2229 resta·

40 2269 123 2342 bat⁷
152 2268 308 2353 Neroni.
361 2270 435 2367 Qui
463 2269 596 2346 iacintus
622 2288 757 2369 patrare
781 2270 817 2345 in
842 2297 880 2345 ee
901 2286 1090 2369 receperat,
1115 2268 1207 2346 forti
1242 2314 1243 2318 =

43 2386 222 2463 theatrum
256 2388 365 2488 petiit,
387 2407 431 2486 'et
458 2416 525 2497 pro
557 2388 692 2491 foribus
716 2388 801 2465 vidit
827 2388 982 2463 vinctum
1014 2386 1207 2478 hominem,

42 2506 285 2582 miserabiliter
309 2506 509 2604 eiulantem,
532 2509 632 2606 qubd
647 2508 693 2583 ad
708 2509 889 2582 Neronem
909 2522 996 2579 esset
1012 2505 1216 2579 ducendus·

45 2621 119 2711 ille,
154 2621 397 2704 misericordi!
424 2624 609 2711 incertum,
639 2649 684 2698 an
706 2621 881 2738 jactantii,
906 2620 1054 2696 nimiive
1082 2617 1205 2702 silentii
1242 2683 1244 2686 .

45 2739 134 2814 mole
163 2763 321 2838 pressus,
344 2739 472 2821 misero
497 2740 719 2840 propinquat,
744 2755 778 2814 et
794 2737 830 2812 in
846 2761 966 2828 aurem
991 2735 1202 2816 insusurrat:
1237 2749 1244 2812 ,’
1328 2739 1331 2749 '

50 3097 58 3152 Ι
85 3015 288 3113 'militesque
302 3023 445 3102 triumphi.
481 3025 598 3085 Sunion.
650 3023 794 3162 griciunt.
825 3022 986 3080 Lcmniscos
1000 3019 1132 3092 dicimus,
1145 3019 1204 3078 rib-

60 3118 168 3158 doctr.
668 3124 727 3163 ons.

86 3175 100 3203 ²
119 3182 171 3240 liu
204 3182 355 3240 incedenti.
396 3185 514 3243 Sueton.
542 3185 599 3243 loc.
689 3179 702 3220 ⁸
737 3183 848 3242 Circum
882 3183 1036 3240 tnummum.
1091 3179 1200 3238 Diruto

47 3258 97 3316 cit.
138 3258 600 3340 Incedentipuarimnictimrcioe·
649 3265 735 3322 ctiam
752 3265 830 3323 Circi
842 3263 953 3322 mannii
967 3281 1045 3320 arcu.
1081 3261 1199 3318 Sueton.
1231 3329 1233 3341 Ι

53 3356 94 3408 so,
112 3361 211 3418 spurio
220 3363 276 3418 per
287 3343 348 3402 nina
361 3344 518 3404 ideintidcm
535 3365 598 3406 cro·
648 3347 677 3403 in
693 3347 762 3403 Ner.
777 3364 856 3404 xxv.

54 3439 92 3489 to,
113 3423 284 3502 ingestaque
307 3445 383 3497 oves,
407 3446 440 3486 ac
465 3426 598 3497 lemnisci,
688 3424 702 3457 ⁴
723 3425 867 3484 Circenses
881 3423 992 3482 indicit.
1023 3421 1091 3492 Dio,
1104 3437 1198 3479 axin.

55 3508 79 3556 n
99 3503 224 3573 bellaria.
270 3505 362 3564 Moris
385 3507 462 3564 onim
484 3519 546 3566 crat
569 3507 597 3564 in
649 3522 678 3583 p.
692 3513 763 3571 tar.
1175 3559 1179 3564 .

56 3575 185 3644 ludorum
200 3585 360 3664 triumphis
381 3605 509 3658 coronas,
530 3587 599 3644 lein·
688 3585 699 3618 ⁵
724 3588 769 3644 Er
789 3583 996 3660 superstitione.
1040 3586 1085 3642 Ac
1109 3581 1201 3660 mani-

55 3661 150 3736 niscos,
168 3667 287 3745 aliaque
298 3667 328 3726 id
341 3685 429 3743 genus
441 3671 599 3727 munuscn·
652 3667 698 3724 md
711 3688 747 3725 cx
763 3665 936 3743 Astrologi-il,
956 3664 1099 3740 cultuque
1118 3665 1200 3720 icun-

57 3737 91 3811 la,
109 3746 197 3822 injici,
218 3749 299 3808 tanta!
312 3749 487 3826 quauddque
499 3747 595 3826 cupid,
653 3747 728 3805 culn
746 3745 892 3826 puellaris.
933 3746 1009 3802 Vide
1030 3744 1199 3802 Suetonium

58 3837 87 3880 ut
98 3823 173 3885 baud
186 3817 595 3907 proculpeticuloesscntvic·
651 3828 681 3884 iu
697 3829 767 3885 Nor.
782 3846 890 3886 xxxvi
904 3839 932 3886 ct
946 3844 1011 3906 uvi.

58 3908 133 3964 lorea.
166 3909 211 3967 Do
222 3909 375 3978 lemniscis,
388 3909 507 3980 Plinius,
521 3929 594 3968 xxi.
628 3937 632 3943 ·
694 3902 938 3987 ⁶Conjnrutione.
973 3906 1044 3964 Haec
1060 3904 1132 3964 fort!
1147 3905 1200 3963 vi-

60 3985 86 4040 ³·
123 3984 240 4052 Crustas
251 3992 339 4061 dines,
354 3989 594 4069 pritnnsnrgento
652 3989 768 4047 nicinna
781 3989 952 4065 conjuratio,
966 3985 1116 4046 Beneventi
1132 4005 1199 4044 con-

59 4081 170 4144 ssroque
187 4071 266 4148 folia
284 4072 421 4142 mann,
441 4072 516 4130 ludis
536 4071 595 4130 cuis
653 4071 730 4142 nau,
756 4069 791 4127 de
815 4069 875 4147 qud
903 4067 1055 4128 Suetonius
1077 4068 1106 4124 in
1129 4067 1198 4130 Neri
1234 4117 1235 4120 ,

61 4159 166 4208 toronus
187 4153 273 4213 dedit.
314 4154 554 4231 Accemerantquc
567 4161 596 4209 et
653 4169 781 4231 nunni.¹
891 4200 898 4216 ,,

62 4219 182 4302 l‘'tlttitci,
200 4253 268 4310 quoa
281 4234 370 4311 atham
380 4234 506 4311 ipsarum
518 4251 595 4292 coro·
693 4227 706 4262 ⁷
730 4229 821 4290 Unica
834 4231 969 4289 restabat.
1000 4228 1034 4288 Itl
1049 4235 1199 4305 ceteraque

65 4317 151 4366 Mrem
168 4312 251 4374 innoc
269 4324 342 4380 erut,
362 4322 481 4392 propter
491 4314 596 4374 Etrus·
653 4312 859 4388 conjurationis
896 4309 983 4370 babet
1016 4307 1200 4376 Plutarchus,

65 4397 114 4456 “⁸2
130 4393 222 4469 sfiliis
241 4396 362 4478 adj-um
373 4396 429 4458 nisi
442 4395 522 4462 aurei
539 4413 595 4460 nen
652 4393 710 4457 vol.
723 4411 759 4454 11.
773 4392 808 4452 do
823 4389 1010 4463 Garrulitatc,
1030 4409 1059 4467 p.
1074 4394 1141 4454 505.
