2859 4950
193 284 234 340 42
578 274 613 335 C.
630 270 831 335 CORNELII
850 272 987 337 TAClTl

191 433 252 533 pit.
303 429 402 507 cum
417 425 600 519 defecere:
630 426 691 527 qui
705 418 814 503 modo
831 427 955 529 hospes
970 428 1094 522 fuerat,
1123 450 1333 512 monstrator

190 548 326 646 hospitii
351 563 385 619 et
409 570 538 634 comes,
562 544 757 642 proximam
773 544 918 617 domum
933 546 1010 621 non
1028 544 1157 620 invitati
1175 549 1332 645 adeunt:

190 673 256 737 nec
279 662 444 737 interest:
470 661 543 759 pari
567 657 776 733 humanitate
800 659 1021 757 accipiuntur.
1072 659 1206 737 Notum
1235 664 1334 765 igno-

187 784 347 877 tumque,
356 776 580 877 quantumad
592 778 649 875 jus
665 772 814 872 hospitii,
827 798 930 852 nemo
942 774 1113 851 discernit.
1162 780 1333 873 Abeunti,

186 894 317 994 siquid
332 894 537 993 poposcerit,
561 891 897 983 concederefmoris:
932 912 967 965 et
994 893 1158 990 poscendi
1184 893 1334 971 inuicem

187 1007 480 1085 eadem-facilitas.
531 1006 704 1083 Gaudent.
720 1008 943 1083 muneribus:
968 1008 1031 1082 sed
1046 1033 1110 1085 nec
1127 1010 1205 1083 data
1219 1010 1334 1109 impu.

186 1130 287 1216 tant,¹
311 1149 376 1200 nec
391 1122 538 1221 acceptis
553 1122 760 1222 obliguutm.
865 1158 868 1177 ι
1016 1104 1020 1121 ’
1129 1135 1133 1147 ’

234 1369 296 1431 22.
321 1358 474 1431 Vrcnus
490 1354 579 1429 inter
593 1354 745 1455 hospites
760 1354 879 1428 comis.
898 1354 1018 1429 Statim
1036 1355 1056 1429 ὲ
1074 1382 1211 1449 somno,
1223 1384 1333 1458 quem

183 1472 391 1571 plerumque
405 1472 551 1546 iudlem
565 1470 764 1562 extrahunt,
793 1473 961 1563 lavantur,
985 1472 1114 1571 saepitis
1130 1472 1264 1564 calidi,³
1289 1492 1333 1549 ut

183 1590 278 1687 apud
289 1614 378 1687 quos
389 1588 583 1686 plurimum
595 1589 716 1688 hyems
733 1605 889 1689 occupat.
915 1588 1028 1679 Lauri,
1042 1588 1157 1662 cibum
1170 1591 1328 1689 capiunt:

183 1720 349 1803 seperatae
378 1704 521 1803 singulis
547 1704 659 1795 sedes,
687 1722 722 1778 et
746 1729 808 1778 sua
832 1699 956 1804 cuique
979 1710 1122 1778 mensa!e
1171 1708 1266 1780 Tum
1279 1702 1330 1781 'ad

182 1812 335 1923 negotia,
366 1844 431 1918 nec
461 1818 578 1896 minus
594 1844 685 1917 saepe
709 1820 754 1893 ad
783 1819 938 1895 convivia
965 1821 1157 1919 procedunt
1181 1820 1329 1894 armati.⁵

145 1978 149 1983 ·
183 1936 307 2010 Diem
330 1952 538 2033 noctemque
576 1936 776 2011 continuare
798 1914 979 2034 ¹potarido,
1019 1936 1106 2009 nulli
1136 1926 1328 2033 probrum.

184 2052 345 2155 Crebra,
367 2068 408 2130 ut
434 2051 535 2125 inter*
550 2052 743 2126 vinolentos
759 2050 858 2143 rixae,
890 2052 971 2125 rard
1001 2051 1173 2140 conviciis,
1199 2050 1330 2147 saepitls

183 2169 284 2242 caede
294 2185 331 2241 et
345 2163 568 2267 vulneribus-⁶
580 2168 845 2268 ,transigunhrr.,
871 2168 940 2243 Sed
957 2183 991 2241 et
1007 2168 1052 2241 de
1067 2166 1328 2245 reconciliandis

14 2318 20 2331 ·
54 2371 58 2379 Ι
183 2281 330 2375 invicem
349 2281 505 2373 inimicis,
522 2301 556 2356 et
576 2266 763 2385 jungendis
786 2284 1028 2373 adfinitatibus,
1045 2302 1079 2356 et
1100 2282 1329 2358 adsciscendis

140 2390 144 2397 ¹
183 2398 406 2500 principibus,
418 2399 463 2474 de
475 2426 560 2501 pace
572 2400 721 2502 denique
733 2426 772 2478 ac
784 2402 877 2478 bello
893 2402 1100 2500 plerumque
1111 2398 1147 2471 in
1163 2398 1328 2523 copviviis

177 2600 283 2679 potitis
285 2602 444 2679 judicetur.
458 2601 512 2678 leg.
526 2609 554 2662 8.
576 2603 617 2663 Bt
625 2606 726 2681 posted
784 2624 834 2662 rex
854 2613 914 2662 eret
933 2601 1080 2662 hominum
1101 2621 1197 2678 genus.
1244 2601 1326 2660 Idem

180 2690 312 2760 parentes
334 2681 460 2760 defuncti
469 2683 596 2760 judicem
622 2703 726 2760 rogare
782 2685 886 2762 passim
897 2685 1065 2760 reperirsest
1075 2683 1153 2758 apud
1166 2682 1327 2740 Homerum

182 2763 293 2832 dehent,
315 2772 348 2821 ot
360 2764 435 2819 inter
452 2763 570 2820 homines
582 2783 638 2821 sorr
652 2765 728 2822 hahi-
784 2777 947 2840 ceterosque
959 2765 1008 2840 qui
1022 2765 1155 2838 antiquos
1169 2781 1258 2824 mores
1276 2762 1327 2820 de·

184 2850 228 2899 tet
247 2851 346 2902 unctor
365 2841 478 2901 sceleris
486 2865 500 2910 ,·
527 2850 555 2902 et
568 2845 616 2920 qui
627 2845 653 2902 ei
666 2845 726 2902 hos·
783 2845 928 2922 scripsere.

179 2922 415 2998 pessumdederit,
436 2924 583 3000 autequdm
600 2925 727 3002 porenti-
824 2923 1018 2984 ⁵Procedrmt
1038 2923 1151 2980 amiati.
1202 2923 1248 2979 De
1269 2920 1325 2980 hoc

184 3004 234 3060 boe
247 3001 417 3080 satisfaciet,
428 3003 549 3062 ncden.
560 3002 726 3143 quisociuut
784 3025 836 3064 usu
854 3007 915 3082 jem
931 3004 1040 3062 dictum
1055 3023 1142 3080 supra
1154 3020 1219 3079 cap.
1236 3007 1283 3060 13.
1426 3013 1427 3020 ’

183 3083 265 3141 totid.
283 3089 330 3142 15.
342 3082 431 3160 Aegl.
440 3084 482 3151 91.
495 3085 603 3162 culprohi
614 3085 640 3142 is
642 3086 727 3160 judi-
810 3079 835 3128 -⁶
856 3083 1147 3145 Codeetuuluerihus.
1169 3083 1325 3141 Cruentam

183 3169 273 3222 ceter.
783 3175 949 3244 quoquest
974 3163 1088 3222 feralem
1113 3163 1324 3224 cenedensium

256 3266 260 3275 ¹
782 3249 946 3304 ebrietatem
960 3243 1095 3320 exprimit
1113 3244 1146 3303 P.
1158 3243 1193 3300 de
1206 3243 1326 3302 Charie-

223 3321 234 3350 ¹
251 3323 327 3396 ,cem
339 3323 473 3405 defecere.
512 3323 588 3384 cum
599 3325 726 3383 defecere
783 3329 859 3397 voix,
877 3327 933 3384 loc.
947 3324 997 3384 cit.
1009 3325 1108 3382 Lettre
1123 3339 1196 3384 v111.
1206 3343 1240 3399 p.
1255 3330 1325 3384 142.

182 3403 287 3482 epulae,
311 3405 355 3462 vel
368 3407 449 3465 curn
477 3406 548 3463 nihil
573 3406 724 3482 epulorum
783 3408 869 3483 Apud
886 3408 1043 3466 Germanos
1062 3407 1155 3462 severe
1168 3405 1324 3462 coercitam

183 3486 305 3590 supersit
316 3487 352 3554 ei,
363 3487 413 3563 qui
424 3487 562 3563 hospitem
570 3499 724 3564 receperat.
782 3486 856 3545 hunc
865 3486 1058 3546 conviviorum
1069 3483 1208 3544 feritatem
1221 3486 1327 3561 reperi·

189 3595 194 3603 ·
256 3566 562 3644 Necdotos'mputont.
601 3567 726 3626 Necsc·
781 3569 896 3629 musio
920 3563 1121 3642 mgesalict,
1145 3565 1203 3622 Tit.
1231 3583 1324 3624 xum.

182 3646 272 3724 ceptis
284 3645 458 3723 obligentur.
482 3649 527 3706 En
538 3649 724 3708 burbsmrum
783 3647 830 3705 De
850 3645 1017 3708 Homicidiie
1035 3646 1065 3703 iu
1081 3645 1207 3704 conuicio
1216 3645 1324 3723 factis.

182 3743 274 3785 mores
282 3750 293 3797 ;
312 3745 346 3785 en
365 3728 433 3785 vite.
474 3729 545 3805 Ipsis
563 3747 653 3786 unum
675 3747 725 3785 vo·
782 3726 835 3806 leg.
851 3736 878 3785 1.
918 3725 1132 3793 stercorosis,
1145 3724 1324 3802 ubiquoteor

184 3819 257 3878 tum,
270 3828 328 3866 uos
339 3808 483 3885 cogitatio,
497 3826 664 3866 urnunnss.
780 3817 830 3865 out
844 3807 962 3885 quisque
970 3805 1088 3885 suerint
1100 3805 1229 3874 homines,
1251 3825 1323 3866 uuus

221 3884 236 3920 ³
257 3888 363 3966 Sept'ds
375 3890 478 3948 culidd.
511 3889 724 3948 Censdeusibus
780 3902 814 3946 es
825 3889 893 3964 ipris
904 3888 1069 3966 interfectus
1078 3884 1185 3978 suerit,
1205 3887 1254 3944 ille
1273 3888 1324 3962 qui

182 3969 296 4048 populis
325 3970 416 4046 iisque
450 3970 620 4045 regionibus,
652 3985 723 4044 quas
780 3976 903 4027 remanet
915 3968 957 4042 (id
970 3979 1020 4036 est,
1040 3967 1084 4025 itte
1098 3967 1145 4043 qui
1157 3973 1320 4037 remanent)

181 4051 295 4130 gmvius
316 4052 374 4109 u‘rit
390 4051 490 4126 frigus,
511 4064 577 4109 sunt
593 4058 623 4106 et
634 4049 724 4126 hypo-
780 4057 829 4106 aut
841 4069 923 4108 uuum
941 4049 1095 4108 conuictum
1118 4047 1247 4118 reddant,
1272 4058 1324 4106 aet

181 4131 506 4209 catrsts,Arrgt.stooee.
565 4167 569 4173 ·
780 4149 870 4188 onmes
888 4131 986 4188 mortis
1005 4128 1081 4186 itlius
1101 4128 1323 4204 compositionem

219 4207 236 4242 ⁴
253 4209 420 4288 Suos-utque
439 4229 541 4268 nuncu.
582 4209 723 4288 Sepumae
780 4211 935 4280 collectent,
958 4209 1083 4286 quoles
1103 4225 1186 4286 usque
1205 4207 1243 4266 ud
1261 4227 1323 4282 sep-

181 4291 270 4364 sedes,
295 4311 349 4350 sus
369 4292 478 4366 cuique
501 4305 605 4353 menses
633 4290 662 4347 id
685 4307 723 4346 ex
780 4297 843 4360 tem,
867 4287 1041 4368 quisueriut
1063 4287 1093 4346 io
1116 4289 1241 4350 convicio
1261 4287 1324 4360 illo,

177 4370 263 4430 reteri
276 4371 449 4451 populorum
464 4387 528 4437 usu,
549 4369 657 4430 etcum
675 4389 725 4428 vo·
780 4371 907 4432 contenit
919 4371 1074 4430 obseruare.
